3596 5866
1135 539 1492 637 Epzkcopz‘
1536 539 2103 613 Lz'ncolnzensis.
2748 565 2880 634 143

346 773 593 838 [Robert.
642 773 915 842 chaplain,
956 775 1254 842 presented
1286 775 1354 842 by
1392 774 1480 827 the
1515 775 1695 827 Abbot
1733 775 1857 828 and
1902 775 2152 828 Convent
2185 775 2256 841 os
2276 774 2614 840 Cerencesten
2655 777 2807 841 aster
2838 792 2875 827 a

486 855 703 922 dispute
724 857 892 909 about
911 857 1002 910 the
1014 860 1341 925 patronage,
1367 859 1417 910 is
1440 857 1729 910 instetuted
1744 863 1798 910 to
1822 857 1911 911 tlte
1932 857 2133 910 church
2157 859 2229 925 os
2244 857 2554 923 Oxendon]

534 992 1908 1077 OXENDONE.—Robertu5,cappellanuS,
1941 1003 2359 1076 presentatus
2395 1015 2511 1076 per
2535 993 2877 1057 Abbatem

346 1105 423 1158 et
458 1106 858 1159 conventum
891 1097 977 1160 de
1009 1097 1446 1162 Cirencestria
1477 1098 1561 1160 ad
1596 1098 1944 1161 ecclesiam
1977 1097 2063 1161 de
2096 1096 2496 1173 Oxendone,
2526 1108 2877 1161 vacantem

350 1220 479 1281 per
517 1201 1031 1281 resignationem
1079 1201 1171 1277 L.,
1208 1201 1599 1283 cappellani,
1638 1201 1751 1282 qui
1788 1222 1938 1264 eam
1981 1201 2161 1283 prius
2201 1201 2435 1276 tenuit,
2479 1200 2653 1263 facta
2705 1202 2883 1283 prius

351 1302 785 1384 inquisitione
825 1326 942 1386 per
985 1306 1081 1381 R„
1115 1305 1683 1368 Archidiaconum
1728 1305 2287 1387 Norhamptonie,
2319 1306 2601 1386 receptis
2641 1305 2877 1369 litteris

347 1405 609 1469 domini
646 1408 852 1489 Regis
899 1408 1392 1472 continentibus
1423 1408 1603 1490 quod
1647 1430 1798 1472 cum
1843 1409 2051 1471 assisa
2101 1409 2331 1472 ultime
2363 1409 2879 1491 presentationis

352 1530 584 1573 coram
621 1510 1001 1592 justiciariis
1047 1511 1133 1575 ad
1177 1512 1301 1575 hoc
1348 1512 1702 1594 assignatis
1745 1513 2155 1575 summonita
2203 1522 2379 1575 esset
2422 1513 2592 1576 inter
2627 1512 2881 1576 dictum

357 1613 723 1691 Abbatem,
755 1627 1161 1697 querentem,
1192 1626 1260 1680 et
1306 1617 1713 1680 Richardum
1748 1616 1834 1680 de
1874 1616 2237 1692 Clendone,
2269 1615 2766 1693 deforciantem‚
2798 1617 2882 1679 ad

354 1720 972 1800 recognoscendum
1019 1722 1168 1803 quis
1214 1722 1577 1785 advocatus
1611 1722 2108 1804 presentaverit‚
2139 1731 2284 1797 etc.,
2323 1720 2500 1784 idem
2552 1720 2879 1783 Ricardus

356 1822 430 1883 in
452 1822 688 1885 eadem
715 1825 895 1886 curia
916 1825 1300 1907 recognovit
1324 1825 1503 1907 quod
1533 1824 1870 1907 predictus
1893 1823 2128 1887 Abbas
2150 1824 2556 1906 presentavit
2580 1824 2883 1886 ultimam

360 1948 735 2008 personam,
767 1949 885 2009 per
907 1939 1214 2010 que‚etc.,
1245 1929 1331 1992 ad
1355 1929 1639 1993 eandem
1673 1929 2005 1992 admissus
2030 1938 2147 2005 est,
2169 1938 2293 1992 etc.
2391 1928 2480 1991 Et
2515 1927 2884 2008 injunctum

360 2040 465 2093 est
515 2030 800 2094 Officiali
850 2034 1137 2114 presenti
1186 2043 1279 2109 ut,
1318 2044 1439 2096 ete.
1532 2032 1643 2115 [In
1691 2032 1796 2094 the
1843 2031 2268 2114 margin:—]
2361 2031 2623 2094 Desunt
2671 2030 2887 2092 littere

364 2136 896 2215 presentationis,

365 2484 586 2551 [Simon
609 2484 678 2536 de
700 2484 1133 2552 Norhamptone,
1158 2485 1496 2544 snb-deacon.
1515 2483 1814 2552 presented
1829 2484 1895 2550 by
1916 2482 2008 2535 tlte
2030 2482 2203 2534 Prior
2220 2482 2291 2548 of
2313 2481 2559 2543 Weedon‚
2576 2484 2802 2548 proctor
2829 2480 2901 2548 of

496 2567 589 2618 tlte
613 2567 864 2619 Convent
879 2567 950 2633 of
961 2567 1041 2620 St.
1066 2566 1295 2630 Lucian,
1321 2567 1617 2628 Beauvatk,
1643 2566 1695 2617 is
1726 2564 2024 2617 instituted
2040 2569 2094 2616 to
2116 2563 2207 2615 the
2230 2562 2427 2630 chapel
2445 2563 2515 2630 os
2538 2561 2889 2629 Plumpton]

546 2702 1318 2766 PLUMTONE.—Simon
1381 2701 1468 2765 de
1531 2702 2061 2782 Norhamptone,
2112 2698 2576 2773 subdiaconus,
2623 2716 2888 2779 presen-

371 2815 551 2868 tatus
605 2806 690 2869 ad
751 2805 1124 2889 cappellam
1187 2805 1272 2868 de
1336 2806 1690 2868 Plumtone
1752 2826 1869 2887 per
1931 2804 2031 2880 Ν.,
2092 2804 2382 2866 Priorem
2430 2802 2515 2865 de
2570 2801 2892 2877 Wedone‚

375 2908 662 2973 Abbatis
701 2920 768 2974 et
814 2919 1181 2974 conventus
1216 2909 1446 2975 Sancti
1492 2910 1767 2973 Luciani
1806 2908 2226 2973 Belvacensis
2276 2916 2765 2990 procuratorem
2798 2905 2884 2969 ad

373 3012 435 3074 id
463 3015 922 3091 constitutum,
955 3014 1129 3077 facta
1161 3014 1341 3095 prius
1376 3014 1802 3095 inquisitione
1835 3034 1951 3095 per
1985 3013 2083 3089 R.,
2119 3011 2683 3074 Archidiaconum
2721 3011 2778 3072 N
2788 3031 2889 3073 or-

372 3119 778 3200 hamptonie,
808 3129 877 3181 et
910 3120 1189 3201 receptis
1229 3119 1463 3181 litteris
1495 3118 1918 3181 dominorum
1956 3117 2273 3199 Episcopi
2314 3125 2381 3178 et
2416 3113 2888 3177 Archidiaconi

376 3222 923 3303 Ebroycensium,
973 3243 1090 3304 per
1127 3243 1294 3303 quas
1334 3222 1418 3285 de
1449 3222 1796 3284 vacatione
1837 3219 2136 3302 ejusdem
2181 3239 2298 3300 per
2330 3227 2611 3280 mortem
2650 3216 2760 3279 Ph.
2808 3215 2894 3280 de

377 3326 833 3389 Normanville
866 3326 1035 3389 bene
1081 3327 1399 3402 constitit,
1431 3347 1548 3408 per
1585 3346 1733 3407 que,
1762 3334 1905 3400 ete.,
1937 3324 2023 3386 ad
2065 3322 2347 3385 eandem
2396 3322 2726 3385 admissus
2772 3329 2891 3396 est,

372 3439 491 3492 ete.
607 3430 696 3491 Et
757 3428 1128 3511 injunctum
1189 3440 1291 3493 est
1350 3429 1566 3492 eidem
1647 3429 1905 3493 Simoni
1969 3437 2042 3490 ut
2102 3426 2316 3489 scolas
2394 3425 2764 3507 frequentet
2825 3433 2893 3487 et

373 3533 691 3597 addiscat.
789 3533 1125 3615 Injuctum
1172 3543 1274 3597 est
1319 3535 1521 3597 etiam
1582 3532 1870 3597 Officiali
1931 3530 2218 3613 presenti
2269 3539 2360 3604 ut,
2412 3539 2533 3592 etc.
2626 3527 2735 3609 [In
2783 3527 2887 3590 the

377 3638 637 3718 margin
665 3637 805 3719 .·—]
900 3638 1164 3701 Desunt
1196 3638 1412 3701 littere
1444 3636 1973 3719 presentationis

375 4074 647 4138 [Richard
681 4074 751 4127 de
788 4074 1069 4137 Karleton,
1095 4074 1369 4142 chaplain,
1400 4071 1698 4140 presented
1713 4070 1780 4138 by
1803 4070 1893 4124 the
1931 4070 2136 4122 Abbess
2155 4068 2278 4121 and
2300 4068 2553 4121 Convent
2568 4067 2641 4134 os
2651 4066 2885 4130 Elstow,

504 4159 554 4209 is
586 4156 880 4209 instituted
908 4158 1070 4209 vicar
1096 4157 1167 4224 os
1180 4154 1640 4223 Ham‘ngwortlz,
1677 4158 1884 4206 vacant
1915 4152 1981 4220 by
2013 4151 2102 4204 the
2134 4150 2481 4218 resignation
2516 4149 2587 4216 os
2609 4148 2799 4215 Roger
2826 4147 2897 4199 de

506 4238 855 4308 Bedesorde]

557 4375 1201 4438 HARINGWORTHE
1252 4372 1998 4438 VICARIA.—Ricardus
2055 4369 2141 4432 de
2197 4367 2581 4443 Karletone,
2629 4365 2894 4448 cappel-

384 4479 585 4556 lanus,
619 4488 1038 4562 presentatus
1071 4499 1188 4560 per
1223 4478 1654 4540 Abbatissam
1688 4486 1755 4539 et
1787 4481 2187 4538 conventum
2228 4471 2313 4535 de
2345 4470 2778 4533 Alnestouwe
2809 4467 2894 4531 ad

386 4583 691 4645 vicariam
732 4582 819 4644 de
854 4581 1387 4663 Haringworthe,
1416 4590 1766 4643 vacantem
1811 4599 1929 4660 per
1967 4575 2481 4657 resignationem
2531 4574 2773 4654 Rogeri
2807 4572 2893 4635 de

390 4685 771 4762 Bedeforde,
802 4686 1146 4768 capellani,
1171 4687 1236 4747 in
1258 4705 1522 4748 camera
1551 4684 1807 4746 domini
1831 4681 2148 4764 Episcopi
2174 4679 2353 4762 apud
2380 4676 2894 4758 Dunestapliam

390 4809 498 4869 per
564 4789 836 4871 pilleum
908 4789 1173 4866 factam,
1234 4789 1409 4852 facta
1471 4789 1650 4870 prius
1712 4786 2138 4868 inquisitione
2194 4803 2310 4865 per
2363 4782 2458 4856 R„
2522 4779 2893 4844 Officialem

393 4892 938 4974 Norhamptonie,
983 4902 1124 4968 ete„
1170 4892 1255 4955 ad
1309 4891 1592 4955 eandem
1640 4889 1972 4952 admissus
2019 4898 2120 4951 est
2166 4906 2317 4949 cum
2364 4905 2564 4959 onere
2609 4893 2676 4946 et
2724 4903 2897 4965 pena

388 4997 795 5072 vicariorum,
825 5005 946 5059 ete.
1044 4997 1133 5059 Et
1167 4996 1558 5059 mandatum
1590 5004 1692 5057 est
1724 4993 1907 5055 dicto
1940 4991 2228 5056 Officiali
2262 4999 2352 5066 ut,
2382 4997 2503 5051 ete.
