3596 5866
1157 562 1511 660 Episcopi
1560 561 2122 637 Lz'ncolniensz's.
2794 566 2836 635 8
2848 586 2885 655 5

374 804 912 886 respondendum
966 805 1218 869 Abbati
1263 805 1347 868 de
1395 806 1671 869 Lauend
1721 826 1928 887 quare
1977 804 2258 886 impedit
2304 825 2455 866 eum
2508 816 2886 886 presentare

372 908 685 972 idoneam
736 930 1085 992 personam
1134 911 1218 974 ad
1266 911 1612 974 ecclesiam
1660 911 1746 973 de
1782 909 2148 991 Lattebiry‚
2196 908 2372 971 idem
2425 907 2659 971 Abbas
2707 909 2886 972 venit

372 1013 438 1074 in
470 1013 708 1076 eadem
742 1014 922 1076 curia
954 1035 1174 1077 coram
1209 1014 1461 1077 eisdem
1490 1013 1889 1095 justiciariis,
1920 1025 1988 1076 et
2037 1012 2422 1094 recognovit
2453 1024 2521 1076 et
2552 1013 2883 1076 concessit

372 1116 881 1180 advocationem
918 1118 1214 1200 predicte
1259 1118 1537 1181 ecclesie
1582 1139 1727 1180 esse
1770 1117 1879 1198 jus
1913 1118 2117 1199 ipsius
2156 1115 2561 1191 Ermeiarde,
2591 1125 2659 1178 et
2703 1116 2882 1198 quod

375 1220 728 1296 Robertus,
761 1219 933 1283 filius
966 1220 1264 1297 Galfridi,
1298 1222 1628 1303 particeps
1662 1221 1869 1303 ipsius
1920 1219 2328 1294 Ermeiarde‚
2361 1240 2630 1301 presens
2663 1219 2786 1282 fuit
2818 1221 2883 1283 in

370 1324 607 1387 eadem
640 1326 822 1387 curia
852 1345 1073 1388 coram
1107 1325 1357 1389 eisdem
1403 1325 1800 1406 justiciariiS,
1832 1336 1899 1388 et
1947 1325 2199 1387 remisit
2229 1323 2445 1387 eidem
2499 1324 2885 1388 Ermeiarde

371 1439 437 1492 et
484 1428 838 1492 heredibus
872 1430 1024 1504 suiS,
1071 1429 1156 1492 de
1203 1451 1273 1492 se
1319 1441 1385 1493 et
1434 1429 1788 1493 heredibus
1836 1430 1988 1505 sui5‚
2036 1439 2251 1492 totum
2297 1427 2406 1509 jus
2450 1436 2518 1490 et
2549 1426 2880 1490 clameum

370 1533 547 1613 quod
596 1533 971 1598 habuerunt
1020 1535 1084 1596 in
1134 1535 1434 1616 predicta
1479 1534 1935 1598 advocatione.
2034 1533 2205 1596 Item
2256 1533 2536 1614 receptis
2582 1530 2881 1611 ejusdem

369 1635 622 1699 domini
677 1637 931 1712 litteris,
980 1637 1180 1718 quod,
1230 1658 1378 1700 cum
1438 1637 1815 1701 Willelmus
1869 1636 1952 1700 de
2013 1637 2242 1699 Hoch't
2293 1637 2355 1698 in
2413 1636 2594 1698 curia
2643 1635 2878 1699 eadem

370 1760 594 1802 coram
643 1740 839 1804 dictis
881 1741 1281 1822 justiciariis
1327 1742 1715 1804 arainiasset
1761 1742 2038 1803 assisam
2092 1741 2322 1803 ultime
2371 1740 2884 1822 presentationis

369 1865 595 1907 versus
641 1844 890 1908 dictam
948 1845 1406 1909 Ermeiardam
1453 1847 1538 1909 de
1584 1846 1863 1908 ecclesia
1912 1845 2229 1927 predicta,
2280 1844 2457 1906 idem
2505 1843 2882 1907 Willelmus

370 1949 547 2012 venit
596 1949 661 2010 in
710 1948 944 2012 eadem
1002 1950 1200 2025 curia,
1231 1960 1298 2012 et
1350 1971 1464 2031 per
1518 1949 1853 2011 licentiam
1903 1968 1973 2010 se
2023 1948 2320 2020 retraxit,
2366 1958 2434 2010 et
2480 1947 2655 2010 dixit
2701 1946 2882 2028 quod

370 2051 579 2115 noluit
613 2054 922 2134 prosequi
956 2054 1232 2115 assisam
1269 2053 1449 2115 illam
1487 2052 1571 2115 de
1605 2053 1903 2134 predicta
1950 2051 2228 2114 ecclesia
2262 2073 2488 2114 versus
2531 2073 2698 2114 eam.
2794 2052 2884 2114 Et

370 2155 515 2218 ideo
577 2177 712 2219 non
789 2158 1101 2221 obstante
1167 2156 1638 2220 reclamatione
1699 2156 2031 2219 dictorum
2090 2156 2395 2231 Abbatis,
2461 2138 2735 2218 Roberti
2812 2166 2882 2218 et

371 2259 705 2336 Willelmi,
736 2262 1047 2325 dominus
1099 2262 1477 2343 Episcopus
1525 2260 1608 2323 ad
1659 2261 2224 2342 presentationem
2274 2259 2450 2322 dicte
2486 2259 2877 2322 Ermeiarde

368 2363 449 2426 ad
481 2364 768 2428 eandem
799 2366 1148 2429 ecclesiam
1186 2367 1495 2429 idoneam
1547 2385 1899 2447 personam
1934 2365 2318 2428 admitteret
2350 2385 2363 2440 3
2412 2384 2529 2445 per
2560 2384 2708 2445 que,
2739 2373 2881 2436 ete„

367 2467 448 2530 ad
480 2469 764 2532 eandem
798 2470 1146 2533 ecclesiam
1182 2470 1513 2532 admissus
1545 2479 1663 2543 est,
1695 2478 1763 2531 et
1795 2469 1861 2530 in
1908 2490 1988 2531 ea
2019 2467 2336 2530 canonice
2384 2487 2667 2548 persona
2699 2467 2883 2529 insti-

367 2581 561 2634 tutus,
660 2573 749 2635 Et
783 2573 1178 2636 mandatum
1214 2583 1311 2636 est
1349 2572 1531 2635 dicto
1568 2572 2062 2635 Archidiacono
2096 2580 2186 2647 ut,
2217 2581 2338 2634 etc.

370 2819 550 2884 [John
573 2819 642 2872 de
681 2820 962 2882 Chednete,
988 2821 1325 2879 sub-deacom
1353 2820 1645 2873 instituted
1663 2826 1716 2872 to
1740 2820 1831 2872 the
1865 2818 2065 2872 clturch
2088 2819 2159 2886 os
2169 2817 2629 2885 Isenhampstead
2649 2817 2698 2869 C
2693 2818 2877 2871 ltent’es

484 2918 557 2954 an
593 2901 685 2955 tlte
708 2904 1087 2971 presentation
1109 2903 1180 2971 os
1195 2901 1525 2956 Alexander
1544 2902 1611 2956 de
1640 2902 1688 2955 C
1682 2901 1947 2971 Μάκαι]

540 3023 1585 3105 ISENHAMSTEDE.—Johannes
1646 3022 1731 3085 de
1778 3022 2142 3096 Chednete,
2204 3020 2669 3096 subdiaconus,
2733 3042 2875 3103 pre-

368 3135 663 3188 sentatus
713 3147 831 3208 per
881 3127 1348 3190 Alexandrum
1397 3127 1483 3190 de
1532 3126 1880 3190 Chednete
1911 3125 1996 3188 ad
2036 3124 2380 3187 ecclesiam
2416 3124 2500 3187 de
2540 3124 2881 3187 Isenham-

367 3229 565 3305 stede,
628 3229 804 3292 facta
866 3231 1046 3312 prius
1110 3231 1535 3312 inquisitione
1600 3250 1715 3311 per
1780 3230 1889 3304 M.,
1956 3228 2517 3291 Archidiaconum
2584 3228 2878 3311 Buking-

367 3333 793 3410 hamiensem,
857 3355 972 3416 per
1032 3355 1255 3415 quam,
1315 3345 1457 3407 etc.,
1519 3333 1603 3396 ad
1667 3332 1951 3396 eandem
2014 3333 2346 3395 admissus
2395 3343 2513 3409 est,
2573 3343 2694 3396 ete.
2790 3334 2879 3397 Et

370 3437 754 3499 mandatum
788 3448 891 3499 est
922 3436 1140 3501 eidem
1178 3436 1672 3500 Archidiacono
1707 3445 1795 3512 ut,
1827 3446 1948 3499 ete.

367 3698 644 3763 [Wt'lliam
669 3698 736 3751 de
765 3699 1092 3760 Godesdone,
1109 3700 1446 3761 sub-deacon‚
1467 3700 1517 3751 is
1538 3699 1832 3751 instituted
1850 3704 1903 3750 to
1928 3698 2017 3749 tlte
2034 3696 2234 3749 church
2256 3699 2328 3765 os
2342 3698 2591 3766 Drayton
2621 3699 2876 3753 l’arslow

486 3797 556 3832 on
602 3784 694 3833 tlte
737 3781 803 3831 K
797 3781 942 3849 t'ng's
977 3783 1356 3848 presentate'on
1399 3782 1552 3849 aster
1591 3797 1627 3833 a
1669 3781 1786 3833 suit
1826 3780 1898 3847 os
1932 3795 2102 3846 quare
2136 3778 2371 3846 impedit
2403 3781 2635 3848 against
2670 3782 2882 3835 Gilbert

489 3863 837 3932 Passelcw4]

533 3983 892 4046 DRAITON
904 3982 1433 4046 E.—Willelmus
1443 3983 1528 4046 de
1541 3982 1965 4058 Godesdone,
1978 3981 2440 4057 subdiaconuS,
2452 3992 2871 4064 presentatus

364 4106 473 4167 per
500 4086 855 4149 dominum
894 4087 1148 4169 Regem
1184 4086 1268 4149 ad
1302 4087 1650 4150 ecclesiam
1684 4086 1768 4149 de
1797 4085 2165 4167 Draytone,
2199 4084 2373 4148 facta
2394 4085 2575 4167 prius
2602 4086 2872 4168 inquisi-

362 4190 535 4252 tione
567 4210 688 4272 per
724 4190 839 4266 M.,
874 4189 1440 4253 Archidiaconum
1480 4188 2182 4272 Bukinghamiensem‚
2213 4199 2280 4252 et
2314 4189 2597 4270 receptis
2630 4189 2863 4254 litteris

361 4293 656 4374 ejusdem
684 4293 940 4356 domini
971 4295 1193 4377 RegiS,
1218 4294 1715 4357 continentibus
1739 4293 1939 4376 quod,
1963 4313 2114 4355 cum
2139 4292 2476 4356 Gilbertus
2503 4294 2869 4359 Passelewe

359 4398 801 4460 summonitus
834 4409 1010 4461 esset
1042 4419 1265 4460 coram
1295 4397 1676 4479 justiciariis
1708 4398 1845 4460 suis
1877 4396 2052 4479 apud
2078 4396 2747 4462 Westmonasterium
2782 4400 2866 4463 ad

360 4500 893 4584 respondendum
913 4502 972 4563 ei
993 4522 1197 4583 quare
1225 4500 1504 4583 impedit
1529 4501 1744 4583 ipsum
1775 4510 2156 4582 presentare
2178 4500 2491 4563 idoneum
2515 4522 2865 4583 personam

358 4606 437 4668 ad
469 4605 820 4669 ecclesiam
855 4606 939 4669 de
973 4605 1338 4687 Draytone,
1364 4625 1494 4686 que
1528 4603 1809 4667 vacabat
1840 4613 1908 4667 et
1939 4604 2023 4666 ad
2058 4624 2244 4666 suam
2280 4605 2628 4686 spectabat
2660 4605 2865 4668 dona-

358 4711 602 4772 tionem
654 4710 911 4772 ratione
959 4720 1129 4772 terre
1191 4709 1275 4772 de
1339 4709 1682 4784 Draitone,
1743 4729 1873 4790 que
1936 4707 2056 4769 suit
2119 4708 2183 4769 in
2248 4728 2447 4770 manu
2504 4730 2643 4784 sua,
2691 4709 2862 4772 idern

360 4813 695 4877 Gilbertus
728 4814 910 4876 venit
958 4834 1180 4875 coram
1231 4813 1545 4894 predictis
1586 4812 1967 4894 justiciariis
2000 4813 2153 4887 suis,
2184 4821 2253 4874 et
2298 4814 2611 4894 cognovit
2645 4814 2861 4877 eidem

359 4918 629 4981 domino
700 4919 869 5000 Regi
934 4918 1497 4999 presentationem
1562 4937 1750 4979 suam
1784 4937 1797 4991 ;
1862 4936 1977 4997 per
2035 4936 2183 4997 que,
2243 4925 2385 4992 etc.,
2439 4915 2522 4978 ad
2585 4918 2865 4981 eandem

357 5023 681 5086 admissus
712 5033 832 5099 est,
862 5031 983 5085 ete.
1079 5022 1166 5084 Et
1200 5021 1590 5084 mandatum
1625 5031 1726 5083 est
1757 5019 1938 5083 dicto
1973 5018 2467 5083 Archidiacono
2513 5029 2603 5097 ut,
2633 5030 2755 5085 ete.
