3596 5866
1158 550 1517 647 Episcopi
1562 550 2131 623 Lincolniensis,
2724 598 2729 603 -
2763 573 2848 621 22
2863 572 2902 641 3

383 789 684 853 Lincoln'
735 791 1140 875 concessisse
1200 799 1267 854 et
1320 789 1585 867 dedisse
1637 790 1863 854 divine
1924 791 2190 873 pietatis
2246 790 2486 853 intuitu
2534 789 2792 852 dilectis
2840 788 2904 850 in

379 894 647 958 Christo
696 893 862 970 filiis,
898 893 1148 957 Abbati
1197 902 1264 956 et
1311 895 1667 957 conventui
1712 894 1797 958 de
1846 886 2093 971 Sulebi,
2135 895 2303 957 duas
2352 914 2606 957 marcas
2652 912 2908 955 annuas

376 998 464 1061 de
494 998 774 1060 ecclesia
810 997 1085 1078 Majoris
1137 997 1600 1061 Harewedune
1642 1009 1709 1062 et
1752 999 2057 1081 cappella
2102 998 2381 1061 Minoris
2430 996 2911 1070 Harewedune‚

377 1124 510 1184 que
560 1102 645 1165 de
695 1103 987 1184 ipsorum
1040 1102 1477 1166 advocatione
1531 1113 1706 1180 sunt,
1761 1114 1913 1185 post
1966 1103 2312 1167 decessum
2376 1104 2477 1166 vel
2540 1102 2905 1164 cessionem

387 1207 694 1288 Magistri
755 1206 1023 1269 Ricardi
1069 1205 1155 1269 de
1201 1206 1444 1269 Cantia
1489 1206 1788 1288 ejusdem
1838 1207 2115 1270 ecclesie
2162 1207 2431 1271 rectoris
2479 1227 2596 1288 per
2633 1225 2905 1268 manum

380 1310 575 1386 illius,
623 1311 735 1392 qui
785 1331 908 1392 pro
954 1321 1257 1394 tempore
1306 1312 1371 1374 in
1419 1310 1655 1374 eadem
1704 1311 1981 1374 ecclesia
2037 1333 2319 1394 persona
2380 1311 2590 1386 fuerit,
2638 1310 2908 1373 nomine

380 1416 686 1497 perpetui
735 1414 1037 1478 beneficii
1086 1416 1433 1479 annuatim
1484 1415 1945 1498 percipiendas
1992 1416 2075 1479 ad
2125 1416 2295 1479 duos
2341 1416 2682 1490 terminOS,
2729 1411 2907 1475 vide-

380 1519 535 1581 licet
584 1519 668 1584 ad
724 1519 966 1582 festum
1020 1519 1343 1584 Omnium
1389 1519 1790 1585 Sanctorum
1835 1540 2036 1582 unam
2080 1541 2372 1584 marcam
2414 1530 2482 1583 et
2522 1518 2607 1582 ad
2654 1516 2908 1581 Pascha

382 1643 588 1686 unam
654 1643 964 1686 marcam.
1060 1623 1298 1687 Dictus
1360 1633 1582 1687 autem
1654 1624 1978 1706 Magister
2036 1624 2131 1699 R„
2185 1622 2506 1705 quamdiu
2558 1620 2905 1685 ecclesiam

379 1728 597 1809 ipsam
664 1727 928 1802 rexerit,
980 1736 1242 1789 tantum
1306 1747 1508 1789 unam
1574 1747 1864 1790 marcam
1918 1747 2210 1790 annuam
2267 1727 2478 1790 solvet
2532 1724 2783 1788 Abbati
2838 1732 2906 1786 et

379 1832 739 1894 conventui
791 1832 1194 1915 memoratis,
1242 1832 1440 1894 salvis
1486 1841 1608 1894 etc.
1703 1831 1905 1914 Quod
1955 1843 2027 1894 ut
2074 1843 2216 1904 ete„
2262 1831 2551 1914 sigillum
2605 1838 2904 1891 nostrum

384 1956 518 1998 una
579 1955 729 1997 cum
793 1934 1013 2017 sigillo
1076 1936 1354 2016 predicti
1416 1936 1689 2017 capituli
1759 1936 1965 1998 nostri
2042 1936 2527 1999 Lincolniensis
2588 1933 2906 1995 duximus

379 2038 859 2122 apponendum
893 2061 906 2115 ;
953 2040 1237 2102 testibus
1280 2049 1346 2103 et
1386 2039 1563 2116 data,
1604 2049 1678 2102 ut
1719 2040 1785 2102 in
1829 2049 2011 2102 carta
2051 2041 2520 2103 canonicorum
2568 2037 2906 2116 Hunting-

378 2144 582 2206 donie
658 2164 856 2225 super
928 2142 1204 2206 decimis
1265 2143 1581 2206 dominici
1643 2142 1729 2205 de
1794 2142 2160 2207 Abbodesl'
2225 2145 2286 2205 in
2366 2142 2903 2207 archidiaconatu

385 2246 922 2328 Huntingdonie.
2892 2228 2896 2232 ⁴

380 2638 534 2708 [The
557 2639 870 2691 institution
892 2638 964 2706 os
989 2637 1137 2706 Raff
1161 2636 1229 2688 de
1255 2636 1514 2690 Cranesle
1536 2643 1589 2690 to
1612 2638 1703 2690 tlte
1725 2637 1925 2692 churclz
1949 2640 2021 2706 os
2051 2638 2315 2706 Cransley
2332 2656 2360 2701 ‚·
2391 2654 2477 2690 sec
2488 2642 2550 2706 p.
2576 2639 2711 2703 136]

561 2773 1378 2838 CRANESL‘.—Omnibus
1418 2784 1538 2837 ete.
1636 2774 1915 2838 Noverit
1955 2776 2347 2838 universitas
2388 2785 2606 2838 vestra
2647 2794 2768 2836 nos
2820 2775 2905 2837 ad

385 2878 954 2963 presentationem
1023 2878 1335 2959 Hugonis
1395 2879 1480 2941 de
1544 2877 1881 2955 Cranesle,
1942 2879 2202 2961 patroni
2265 2879 2542 2942 ecclesie
2606 2876 2906 2959 ejusdem

389 2983 559 3059 ville,
605 2981 922 3046 dilectum
974 2983 1038 3044 in
1089 2983 1357 3046 Christo
1404 2982 1610 3045 filium
1666 2983 2031 3046 Radulsum
2079 2983 2164 3046 de
2212 2983 2546 3059 Cranesle,
2578 2983 2909 3058 clericum,

388 3087 472 3149 ad
536 3086 820 3150 eandem
883 3087 1233 3150 ecclesiam
1299 3086 1648 3150 admisisse
1711 3088 2065 3172 ipsumque
2119 3088 2185 3149 in
2237 3077 2688 3149 ea'canonice
2740 3096 2910 3162 ete.;

386 3192 588 3254 salvis
634 3201 756 3254 etc.
851 3190 1052 3273 Quod
1102 3201 1175 3253 ut
1221 3202 1363 3268 ete„
1410 3191 1692 3255 testibus
1737 3202 1805 3255 et
1852 3192 2013 3255 data
2060 3200 2131 3253 ut
2180 3191 2245 3251 in
2300 3199 2483 3253 carta
2546 3188 2909 3263 Godefridi‚

388 3297 615 3360 vicarii
647 3294 733 3358 de
769 3296 1101 3358 Broctone
1134 3296 1199 3357 in
1233 3296 1773 3360 archidiaconatu
1810 3296 2050 3361 Stowe.
2968 3295 2970 3298 ’

387 3742 532 3810 [The
571 3741 881 3793 institution
920 3742 991 3809 of
1014 3740 1162 3809 Ralf
1200 3741 1268 3793 de
1308 3740 1671 3794 Gnoweslzale
1706 3747 1760 3794 to
1798 3742 1890 3794 tlte
1930 3740 2129 3794 churclz
2163 3740 2236 3808 of
2268 3739 2483 3806 Thorpc
2521 3737 2911 3801 Mandeville,·

517 3838 602 3875 see
618 3827 676 3890 p.
703 3823 837 3889 139]

566 3959 1299 4023 THROP’.—Omnibus
1359 3970 1481 4022 ete.
1577 3960 1856 4024 Noverit
1917 3960 2309 4023 universitas
2363 3966 2580 4020 vestra
2640 3977 2762 4019 nos
2823 3957 2904 4021 ad

391 4064 953 4148 presentationem
986 4062 1381 4126 dilectorum
1415 4063 1720 4142 filiorum,
1755 4066 1997 4127 Prioris
2028 4074 2095 4127 et
2126 4072 2493 4127 conventus
2529 4062 2910 4136 Daventrie,

391 4178 822 4251 patronorum
873 4166 1148 4229 ecclesie
1198 4167 1282 4230 de
1333 4167 1613 4250 Throrp‘
1678 4167 1842 4251 [sic],
1891 4167 2205 4232 dilectum
2260 4168 2324 4228 in
2381 4166 2646 4230 Christo
2700 4163 2906 4227 filium

394 4272 758 4337 Radulsum
791 4272 877 4335 de
909 4271 1368 4347 Gnoweshale‚
1393 4272 1724 4349 clericum,
1744 4273 1828 4335 ad
1862 4272 2145 4336 eandem
2178 4270 2525 4334 ecclesiam
2560 4267 2909 4332 admisisse

392 4377 745 4459 ipsumque
801 4377 865 4439 in
922 4398 1004 4440 ea
1064 4377 1382 4439 canonice
1443 4398 1796 4459 personam
1862 4377 2242 4452 instituisse,
2296 4375 2479 4439 salva
2542 4373 2617 4435 R.
2673 4371 2907 4434 Archi-

391 4479 677 4543 diacono
741 4478 1275 4561 Norhamptonie
1338 4481 1580 4544 vicaria
1641 4502 1760 4543 sua
1820 4501 2022 4563 quam
2087 4478 2288 4541 habet
2352 4478 2417 4540 in
2478 4476 2734 4551 eadem,
2793 4475 2907 4557 qui

393 4593 605 4648 totam
653 4583 1001 4647 ecclesiam
1053 4583 1231 4662 illam
1282 4585 1536 4647 tenebit
1582 4584 1804 4666 quoad
1853 4585 2116 4660 vixerit,
2150 4581 2492 4647 reddendo
2539 4579 2694 4643 inde
2727 4578 2908 4642 dicto

396 4686 687 4750 Radulfo
761 4697 829 4750 et
903 4688 1390 4750 successoribus
1467 4689 1601 4750 suis
1661 4688 1962 4769 ejusdem
2039 4686 2314 4750 ecclesie
2377 4684 2676 4766 personis
2736 4681 2906 4744 duos

391 4790 639 4853 solidos
715 4811 974 4853 annuos
1050 4793 1320 4854 nomine
1396 4793 1782 4874 pensionis;
1831 4791 2030 4854 salvis
2104 4800 2226 4854 ete.
2339 4786 2539 4871 Quod
2617 4796 2691 4848 ut
2766 4794 2907 4861 etc.,

393 4894 672 4957 testibus
702 4904 769 4957 et
801 4894 982 4970 data,
1013 4904 1085 4957 ut
1129 4896 1193 4958 in
1238 4905 1420 4959 carta
1466 4896 1772 4959 Nicholai
1806 4896 1891 4958 de
1945 4893 2216 4959 Henred
2259 4894 2323 4956 in
2363 4889 2904 4955 archidiaconatu

393 4997 679 5061 Oxonie.
