3596 5866
1100 591 1456 688 Episcopi
1498 590 2062 665 Lz‘ncolnz'enszlrss
2695 619 2730 665 2
2745 616 2830 686 57

332 744 456 752 -———
497 745 760 750 *————-—
777 745 900 749 -φυ-
1808 744 1941 750 ἡ
1958 744 2349 750 .--.---———.—-0--..--*¹

323 830 497 893 filius
549 828 877 892 Radulfus
930 829 1016 892 de
1067 828 1472 892 Trubleville
1531 839 1598 892 et
1643 829 1864 893 Alicia
1918 850 2089 892 uxor
2134 851 2254 893 sua
2306 831 2634 913 hospitale
2679 851 2829 895 cum

323 934 582 1017 capella
641 934 819 1015 apud
891 933 1280 996 Armistone
1335 934 1399 995 in
1453 934 1721 1015 proprio
1776 933 1985 996 fundo
2035 955 2157 997 suo
2218 935 2284 997 in
2346 934 2690 1016 parrochia
2748 936 2833 1000 de

327 1037 711 1101 Pokebroce
757 1038 1291 1101 construxissent
1337 1057 1609 1100 assensu
1663 1037 1939 1100 Roberti
1976 1037 2035 1099 le
2086 1037 2408 1120 Flemeng
2456 1039 2833 1121 patroni'et

325 1162 606 1224 persone
653 1142 929 1205 ecclesie
974 1141 1060 1204 de
1109 1140 1471 1215 Pokebroc,
1502 1141 1935 1222 optinuerunt
1983 1142 2047 1203 in
2097 1142 2219 1203 hac
2266 1142 2495 1216 forma,
2527 1144 2833 1208 videlicet

325 1257 398 1308 ut
430 1244 722 1308 habeant
756 1246 834 1308 in
855 1246 1003 1325 ipsa
1033 1244 1291 1326 capella
1323 1245 1408 1307 de
1446 1244 1851 1307 Armestone
1882 1246 2301 1326 capellanum
2337 1248 2403 1309 in
2437 1259 2829 1329 perpetuum

325 1349 835 1423 ministrantem,
880 1347 1182 1411 habitum
1232 1347 1566 1430 religionis
1611 1348 1864 1411 scilicet
1913 1368 2169 1429 pannos
2218 1349 2303 1412 de
2351 1361 2608 1414 russeto
2654 1363 2834 1434 port-

326 1462 577 1527 antem,
607 1452 801 1514 sicuti
834 1462 900 1515 et
932 1451 1041 1514 alii
1077 1451 1308 1514 fratres
1340 1449 1640 1530 ejusdem
1674 1451 2025 1532 hospitalis
2058 1452 2318 1527 facient,
2349 1464 2433 1530 et,
2468 1456 2532 1516 in
2567 1456 2831 1537 signum

325 1557 663 1638 religionis
724 1576 859 1630 sue,
921 1555 1315 1618 indumento
1375 1556 1708 1630 exteriori,
1768 1555 1948 1636 quod
2004 1556 2302 1619 clausurn
2350 1559 2491 1634 erit,
2537 1580 2831 1641 pannum

328 1660 605 1723 rubeum
655 1660 720 1721 in
770 1658 1276 1723 similitudinem
1326 1658 1542 1721 baculi
1593 1658 1944 1739 pastoralis
1993 1661 2059 1722 in
2109 1669 2417 1742 pectore;
2465 1662 2623 1725 item
2656 1684 2834 1726 carn-

327 1784 572 1846 panam
609 1783 808 1826 unam
859 1764 1029 1826 intra
1076 1762 1399 1844 capellam
1435 1763 1648 1844 ipsam
1700 1762 2105 1844 pendentem
2153 1765 2237 1827 ad
2286 1767 2833 1830 convocationem

328 1868 649 1944 fratrum3
696 1867 930 1930 fratres
965 1867 1168 1929 etiarn
1216 1866 1456 1928 domus
1504 1865 1851 1947 hospitalis
1897 1865 2216 1946 ejusdem,
2248 1868 2447 1949 pleno
2488 1869 2634 1949 jure
2680 1891 2834 1933 con-

330 1972 496 2035 versi
515 1981 583 2034 et
609 1972 911 2034 habitum
940 1970 1309 2051 predictum
1335 1979 1695 2051 portantes,
1716 1991 1755 2032 a
1780 1970 2127 2052 capellano
2150 1970 2395 2035 ibidem
2421 1973 2838 2036 ministrante

326 2076 777 2139 ecclesiastica
802 2075 1169 2156 percipiant
1203 2083 1635 2136 sacramenta.
1730 2074 2110 2137 Servientes
2135 2096 2290 2139 vero
2317 2076 2592 2156 predicti
2615 2077 2836 2160 hospi-

326 2179 481 2242 talis
512 2180 624 2260 qui
658 2179 957 2241 conversi
1014 2198 1147 2240 non
1203 2177 1446 2241 fuerint
1499 2187 1567 2239 et
1617 2178 1850 2259 reliqui
1913 2178 2065 2241 illuc
2105 2177 2513 2242 divertentes
2543 2180 2703 2243 dum
2747 2181 2836 2244 ibi
2916 2174 2921 2178 ⁴

329 2303 585 2345 moram
617 2283 926 2385 fecerint,
972 2283 1141 2344 sicut
1190 2281 1300 2343 alii
1352 2280 1787 2362 parrochiani,
1832 2281 1917 2344 de
1973 2283 2244 2346 matrice
2289 2284 2567 2346 ecclesia
2612 2287 2837 2348 omnia

326 2387 774 2449 ecclesiastica
855 2386 1223 2468 percipiant
1303 2395 1734 2448 sacramenta.
1849 2384 2205 2467 Hospitale
2273 2408 2428 2449 vero
2498 2389 2835 2470 proprium

326 2489 574 2553 habeat
621 2491 1036 2567 cimiterium,
1070 2491 1135 2552 in
1168 2510 1304 2572 quo
1337 2489 1612 2571 predicti
1660 2490 1961 2552 conversi
2008 2500 2075 2552 et
2109 2510 2435 2572 pauperes
2481 2502 2549 2554 et
2596 2491 2836 2555 infirmi

327 2603 591 2658 tantum
633 2593 785 2657 illuc
817 2594 1267 2667 advenienteS,
1298 2592 1603 2674 exceptis
1635 2593 2091 2674 parrochianis
2124 2594 2415 2656 matricis
2447 2594 2721 2658 ecclesie
2751 2594 2838 2658 de

329 2697 693 2773 Pokebroc,
753 2698 806 2759 si
871 2697 960 2760 ibi
1031 2697 1457 2772 decesserint,
1512 2696 1758 2760 ibidem
1835 2696 2255 2778 sepeliantur.
2368 2698 2621 2760 Matrix
2683 2720 2841 2761 vero

327 2801 607 2866 ecclesia
639 2803 958 2884 percipiet
989 2822 1223 2864 omnes
1255 2801 1629 2863 oblationes
1659 2811 1727 2863 et
1759 2799 2198 2863 obventiones
2231 2822 2270 2863 a
2301 2801 2482 2863 dicto
2525 2802 2837 2884 hospitali

327 2917 397 2970 et
420 2906 507 2971 ab
531 2907 844 2970 omnibus
869 2906 954 2969 ad
989 2905 1151 2969 illud
1184 2903 1670 2969 divertentibus
1703 2905 2187 2987 provenienteS,
2219 2905 2496 2969 custode
2527 2926 2617 2969 ex
2651 2915 2840 2989 parte

330 3012 602 3075 rectoris
636 3012 842 3093 ipsius
873 3011 1151 3074 ecclesie
1195 3011 1306 3091 qui
1357 3030 1478 3091 pro
1525 3019 1828 3090 tempore
1861 3009 2055 3072 suerit
2098 3010 2241 3072 sine
2287 3009 2510 3091 aliquo
2558 3011 2838 3093 impedi-

329 3126 562 3179 mento
595 3116 892 3198 magistri
925 3125 993 3177 et
1040 3114 1315 3177 fratrum
1362 3112 1664 3194 ejusdem
1712 3114 2061 3195 hospitalis
2109 3113 2193 3175 ad
2241 3113 2367 3176 hoc
2414 3115 2839 3197 assignand0‚

326 3219 632 3301 exceptis
721 3217 1172 3280 oblationibus
1254 3215 1796 3298 provenientibus
1875 3217 1939 3277 in
2017 3226 2299 3298 utroque
2376 3217 2545 3280 festo
2619 3220 2831 3282 sancti

324 3322 653 3405 Johannis
710 3322 1030 3404 Baptiste‚
1083 3322 1333 3383 scilicet
1386 3321 1774 3383 Nativitatis
1835 3331 1903 3382 et
1957 3320 2440 3382 Decollationis
2492 3321 2836 3402 ejusdem,

325 3447 457 3509 que
502 3425 773 3508 quidem
823 3426 889 3488 in
946 3446 1102 3487 usus
1152 3424 1598 3507 predictorum
1651 3424 2001 3505 hospitalis
2047 3434 2115 3486 et
2163 3445 2527 3506 pauperum
2577 3425 2833 3490 cedent.

328 3532 399 3594 Si
430 3532 580 3613 quis
601 3551 757 3593 vero
788 3529 1010 3592 divine
1043 3529 1309 3611 pietatis
1342 3528 1582 3590 intuitu
1610 3537 1675 3590 et
1702 3548 1823 3609 pro
1843 3527 2057 3590 salute
2082 3529 2302 3590 anime
2327 3549 2444 3591 sue
2474 3550 2561 3590 ex
2596 3529 2837 3612 legat0,

325 3634 427 3698 vel
478 3635 609 3697 alio
662 3634 897 3716 quovis
952 3635 1165 3708 titulo,
1217 3631 1515 3713 predicto
1567 3631 1877 3713 hospitali
1927 3631 2197 3713 aliquod
2255 3631 2339 3694 de
2387 3653 2507 3694 suo
2557 3654 2832 3716 erogare

323 3739 625 3814 voluerit,
649 3737 810 3800 illud
843 3739 902 3800 ei
937 3737 1139 3800 libere
1172 3737 1384 3811 liceat,
1429 3745 1496 3798 et
1529 3735 1621 3798 sic
1670 3734 1966 3816 legatum
2015 3736 2115 3798 vel
2149 3735 2279 3796 alio
2326 3755 2592 3817 quoque
2640 3737 2835 3799 titulo

323 3842 642 3906 collatum
697 3842 891 3905 cedet
939 3842 1003 3903 in
1053 3861 1210 3903 usus
1258 3839 1535 3922 predicti
1589 3839 1954 3920 hospitaliS,
1987 3840 2171 3900 salvo
2218 3840 2284 3900 in
2332 3841 2643 3902 omnibus
2685 3840 2832 3921 jure

321 3945 750 4009 ecclesiarum
782 3966 1050 4007 suarum
1085 3943 1611 4026 parrochialium.
1709 3942 1830 4005 Ille
1863 3962 2018 4005 vero
2050 3943 2160 4023 qui
2184 3941 2483 4023 predicto
2514 3943 2825 4026 hospitali

321 4060 390 4113 et
433 4048 744 4112 fratribus
785 4048 1046 4130 preerit,
1082 4047 1401 4130 episcopo
1442 4047 1566 4108 loci
1616 4044 2098 4128 presentandus
2130 4054 2197 4108 et
2244 4066 2360 4127 per
2384 4066 2535 4109 eum
2571 4048 2830 4111 institu-

320 4151 554 4228 enduS,
586 4152 785 4215 faciet
816 4152 881 4214 in
913 4150 1320 4214 admissione
1351 4170 1471 4212 sua
1504 4150 1626 4231 ipsi
1660 4159 1728 4212 et
1772 4148 2164 4210 officialibus
2196 4149 2331 4211 suis
2377 4148 2827 4214 obedientiam

320 4267 388 4319 et
420 4256 658 4319 rectori
708 4255 1000 4317 matricis
1046 4254 1322 4317 ecclesie
1368 4253 1454 4316 de
1506 4252 1906 4329 Pokebroce,
1936 4252 2048 4334 qui
2098 4272 2218 4334 pro
2266 4261 2568 4333 tempore
2616 4252 2828 4332 suerit,

319 4358 404 4422 de
435 4357 925 4440 indempnitate
954 4356 1255 4439 ejusdem
1291 4356 1697 4419 fidelitatem.
1794 4356 1884 4418 Et
1916 4355 1967 4416 si
1995 4364 2225 4417 contra
2257 4355 2556 4436 predicta
2576 4356 2825 4438 aliquid

320 4462 821 4544 attemptaverit
863 4481 980 4543 per
1019 4462 1235 4543 ipsum
1285 4461 1671 4542 episcopum
1721 4459 2087 4540 corrigatur
2118 4459 2255 4521 sive
2303 4478 2417 4539 per
2450 4458 2654 4539 ipsius
2702 4459 2827 4522 loci

320 4565 748 4628 interdictum
781 4566 921 4628 sive
952 4565 1082 4627 alio
1115 4563 1335 4640 mod0,
1367 4564 1536 4626 sicut
1577 4564 1718 4645 ipse
1766 4561 2127 4644 providerit
2174 4561 2550 4623 faciendum
2583 4584 2596 4638 ;
2645 4563 2826 4626 nulla

317 4670 410 4732 eis
471 4668 922 4750 appellatione
998 4668 1099 4730 vel
1179 4667 1646 4749 impetratione
1707 4666 1772 4728 in
1828 4674 2166 4746 posterum
2232 4662 2532 4726 facienda
2593 4675 2825 4728 contra

320 4772 643 4854 premissa
679 4772 781 4833 vel
815 4770 1083 4853 aliquod
1134 4772 1602 4852 premissorum
1652 4769 1949 4832 valitura.
2047 4767 2122 4828 In
2171 4767 2434 4849 signum
2483 4777 2705 4830 autem
2753 4779 2821 4831 et

320 4875 842 4957 recognitionem
948 4875 1144 4956 hujus
1223 4872 1654 4954 subjectionis
1731 4872 2235 4953 assignaverunt
2322 4870 2649 4933 Radulfus
2738 4872 2823 4935 de

319 4977 725 5041 Trubleville
754 4987 822 5040 et
859 4977 1075 5040 Alicia
1101 4997 1273 5039 uxor
1304 4998 1424 5073 sua
1455 4997 1575 5058 pro
1606 4996 1677 5038 se
1707 4985 1775 5037 et
1795 4973 2149 5037 heredibus
2169 4969 2303 5034 suis
2337 4973 2402 5034 in
2425 4985 2819 5054 perpetuum

447 5104 585 5154 Vo1„
617 5103 682 5157 ll.
2669 5112 2700 5149 s
