3596 5866
743 567 841 635 60
1139 583 1142 588 ·
1433 561 1707 651 Rotuli
1735 562 1837 634 H
1831 504 2090 657 ugonis
2127 560 2214 633 de
2268 560 2532 634 Welles

740 804 1105 888 Berkinges
1152 804 1237 867 ad
1283 804 1632 868 ecclesiam
1679 805 1764 868 de
1813 804 2155 886 Slaptone,
2201 802 2376 865 sacta
2424 803 2602 884 prius
2651 801 3076 884 inquisitione
3124 822 3244 884 per

743 909 1140 991 Magistrum
1248 907 1735 985 Theobaldum‚
1841 906 2214 972 Officialem
2322 905 2795 969 Archidiaconi
2906 905 3240 988 Bukinge-

736 1011 1113 1087 hamiensi5‚
1171 1023 1313 1087 etc„
1373 1010 1705 1074 admissus
1764 1021 1867 1075 est
1925 1020 1994 1074 et
2055 1010 2411 1073 institutus,
2508 1011 2595 1073 Et
2673 1009 3064 1073 mandatum
3139 1019 3243 1073 est

736 1116 919 1180 dicto
952 1115 1259 1193 officiali,
1289 1127 1410 1180 ete.

734 1336 943 1404 [Ralplc
966 1337 1034 1389 de
1056 1337 1329 1399 Nor-wico,
1357 1338 1454 1390 cler
1463 1336 1511 1400 k,
1530 1297 1823 1403 presented
1840 1335 1907 1403 by
1927 1335 2019 1388 the
2041 1336 2099 1386 K
2099 1336 2218 1403 ing.
2243 1334 2371 1387 wlco
2393 1335 2513 1387 had
2528 1334 2819 1387 recovered
2844 1335 2934 1387 tlte
2959 1338 3241 1402 presenta-

863 1420 979 1471 tion
1002 1420 1063 1470 in
1086 1436 1121 1470 a
1143 1420 1260 1470 suit
1277 1420 1510 1487 against
1527 1418 1617 1470 the
1641 1418 1814 1470 Prior
1830 1417 1951 1470 and
1973 1417 2223 1470 Convent
2240 1419 2310 1486 os
2323 1418 2401 1471 St.
2426 1417 2783 1476 Fn'deswide.
2807 1418 2857 1469 is
2879 1417 3170 1470 instituted
3186 1423 3242 1470 to

863 1501 953 1553 the
973 1500 1174 1554 churclz
1201 1501 1272 1569 os
1288 1500 1535 1567 Oakley]

910 1635 1659 1702 ACLEYA.—-Radulsus
1698 1637 1782 1700 de
1827 1637 1886 1698 N
1894 1637 2152 1712 orwic0,
2191 1636 2429 1700 clerico
2468 1635 2630 1719 [sic]‚
2663 1645 3084 1718 presentatus
3122 1657 3241 1719 per

733 1742 1082 1806 dominum
1142 1743 1396 1824 Regem
1449 1741 1533 1804 ad
1588 1740 1936 1804 ecclesiam
1993 1741 2078 1803 de
2131 1740 2298 1803 Acle
2359 1761 2508 1803 cum
2574 1740 3007 1822 pertinentii3‚
3062 1739 3238 1803 sacta

733 1847 913 1928 prius
946 1845 1371 1927 inquisitione
1397 1865 1514 1926 per
1542 1845 1939 1927 Magistrum
1962 1844 2105 1919 Th„
2132 1843 2506 1908 Officialem
2537 1843 3236 1923 Bukinghamiensem,

735 1951 1015 2032 receptis
1090 1951 1292 2014 etiam
1371 1949 1604 2013 litteris
1665 1948 1920 2012 domini
1985 1949 2190 2030 Regis
2250 1948 2746 2011 continentibus
2806 1947 2983 2029 quod
3058 1947 3235 2011 idem

732 2053 1042 2117 dominus
1067 2054 1218 2117 Rex
1246 2054 1309 2115 in
1344 2054 1526 2116 curia
1556 2073 1675 2116 sua
1707 2072 1932 2115 coram
1949 2051 2330 2131 justiciariis
2362 2052 2540 2134 apud
2564 2052 3235 2115 Westmonasterium

731 2158 1143 2239 recuperavit
1175 2177 1291 2239 per
1316 2156 1638 2238 judicium
1673 2156 1852 2219 curie
1884 2176 2000 2218 sue
2034 2156 2594 2237 presentationem
2629 2176 2818 2219 suam
2845 2154 2929 2218 ad
2951 2155 3234 2219 eandem

729 2260 1076 2323 ecclesiam
1110 2282 1336 2324 versus
1371 2262 1663 2324 Priorem
1696 2274 1764 2323 et
1795 2270 2199 2323 conventum
2234 2268 2464 2322 sancte
2506 2259 2926 2335 Frideswide‚
2956 2270 3025 2322 et
3054 2259 3235 2342 quod

731 2364 1045 2428 dominus
1080 2365 1472 2447 Episcopus,
1506 2384 1635 2426 non
1681 2364 1994 2427 obstante
2041 2363 2513 2426 reclamatione
2560 2364 2765 2445 ipsius
2800 2364 3060 2439 PrioriS,
3093 2384 3237 2445 per-

729 2488 964 2530 sonam
1006 2467 1317 2530 idoneam
1359 2467 1443 2530 ad
1489 2468 2049 2549 presentationem
2094 2487 2281 2530 suam
2324 2467 2659 2543 admittat,—
2697 2487 2813 2549 per
2857 2488 2988 2549 que
3035 2487 3236 2550 nego-

730 2571 915 2647 tium,
946 2581 1088 2647 etc.,
1118 2571 1205 2634 ad
1237 2570 1519 2634 eandem
1554 2571 1901 2634 ecclesiam
1934 2592 2085 2634 cum
2131 2571 2547 2653 pertinentiis
2580 2571 2714 2633 suis
2755 2570 3087 2633 admissus
3116 2580 3236 2646 est,

727 2684 869 2752 etc„
900 2685 969 2738 et
1002 2674 1393 2738 mandatum
1428 2684 1531 2737 est
1561 2674 1744 2737 dicto
1778 2673 2065 2737 Officiali
2099 2685 2189 2750 ut,
2213 2686 2334 2737 etc,

1454 3002 1733 3066 ANNUS
1796 3002 2517 3085 QUARTusnsscmus.

729 3162 911 3232 [John
934 3162 1001 3213 de
1023 3161 1271 3223 Hornel’,
1298 3160 1575 3228 chaplain.
1586 3162 1884 3227 presented
1901 3162 1967 3228 by
1989 3161 2078 3213 tlte
2099 3161 2278 3214 Abbot
2304 3162 2426 3214 and
2458 3162 2710 3214 Conveni
2737 3162 2809 3231 os
2822 3161 3233 3227 Medmenhnm,

858 3248 907 3299 is
939 3245 1231 3298 instituted
1258 3252 1311 3298 to
1344 3247 1435 3299 the
1465 3248 1726 3313 vicarage
1758 3246 1831 3313 os
1855 3244 2270 3304 Medmenlmm,
2294 3246 2473 3313 newly
2497 3245 2771 3299 ordained
2798 3246 2864 3315 by
2886 3247 2975 3301 tlte
3009 3248 3234 3314 Bishop.

866 3328 979 3381 The
1000 3328 1264 3396 vicarage
1285 3329 1335 3380 is
1353 3334 1436 3382 set
1453 3329 1585 3397 out.]

908 3473 977 3535 M
988 3473 1872 3555 EDMEHAME.—Johannes
1903 3471 1988 3535 de
2025 3472 2302 3548 Hornel,
2334 3473 2784 3556 cappellanuS,
2815 3485 3236 3556 presentatus

731 3599 846 3660 per
879 3577 1219 3640 Abbatem
1253 3587 1322 3640 et
1353 3588 1757 3641 conventum
1792 3575 1877 3640 de
1912 3576 2343 3640 Medmeham
2378 3575 2461 3640 ad
2499 3588 2888 3660 perpetuam
2922 3579 3234 3643 vicariam

727 3681 1005 3744 ecclesie
1080 3680 1474 3763 parochialis
1549 3680 1634 3743 de
1715 3680 2203 3757 Medmehame,
2280 3679 2653 3744 ordinatam
2717 3681 2802 3744 de
2877 3702 3052 3745 novo
3121 3704 3238 3765 per

727 3784 1075 3848 dominum
1158 3784 1597 3867 Episcopum,
1664 3783 1839 3847 sacta
1909 3784 2088 3866 prius
2166 3784 2591 3865 inquisitione
2668 3805 2784 3867 per
2860 3784 3231 3850 Officialem

733 3887 1434 3970 Bukinghamiensem‚
1483 3908 1599 3970 per
1645 3907 1868 3968 quam,
1906 3897 2048 3963 etc„
2097 3887 2428 3950 admissus
2480 3898 2600 3963 est,
2653 3899 2720 3952 et
2761 3883 3040 3952 vicarius
3091 3911 3235 3973 per-

730 4000 969 4073 petuus
1021 3991 1379 4066 institutuS,
1441 4011 1591 4053 cum
1654 4011 1853 4053 onere
1914 4001 1980 4053 et
2043 4010 2215 4073 pena
2275 3992 2684 4053 vicariorum.
2781 3992 2871 4055 Et
2930 3994 3235 4057 consistit

727 4094 908 4158 dicta
967 4094 1209 4156 vicaria
1270 4094 1337 4155 in
1398 4102 1543 4157 toto
1604 4093 1927 4176 altaragio
1986 4092 2286 4174 ejusdem
2350 4094 2625 4158 ecclesie
2685 4105 2751 4158 et
2823 4096 2887 4158 in
2957 4095 3234 4159 decimis

726 4196 1080 4280 garbarum
1131 4196 1324 4259 unius
1370 4196 1525 4259 hide
1571 4216 1772 4278 quam
1827 4196 2154 4259 Radulfus
2200 4197 2284 4259 de
2334 4197 2767 4261 Medmeham
2814 4208 2883 4261 et
2930 4208 3234 4263 tenentes

727 4300 827 4363 sui
862 4309 1111 4375 tenent,
1141 4308 1209 4362 et
1242 4299 1307 4361 in
1339 4298 1616 4362 decimis
1647 4297 1924 4361 dimidie
1956 4300 2209 4381 virgate
2240 4321 2441 4382 quam
2477 4300 2651 4363 idem
2692 4301 3018 4364 Radulfus
3049 4312 3233 4367 tenet

725 4403 811 4467 de
864 4412 1038 4466 terra
1077 4402 1161 4466 de
1203 4403 1630 4478 Withemere,
1669 4413 1737 4465 et
1777 4403 1842 4465 in
1884 4403 2161 4466 decimis
2201 4403 2475 4467 dimidie
2515 4404 2769 4486 virgate
2809 4425 3010 4486 quam
3052 4406 3230 4470 idem

730 4505 1057 4569 Radulfus
1091 4515 1274 4569 tenet
1304 4505 1389 4569 de
1423 4505 1692 4568 Abbate
1723 4504 1809 4568 de
1855 4505 2304 4582 Medmeham,
2335 4517 2404 4570 et
2445 4516 2720 4570 vocatur
2769 4507 3134 4585 Mullonde,
3165 4520 3233 4572 et

726 4609 792 4673 in
834 4609 1110 4673 decimis
1154 4610 1346 4671 unius
1393 4609 1647 4690 virgate
1692 4630 1893 4691 quam
1941 4609 2283 4691 Johannes
2328 4621 2395 4673 et
2443 4610 2741 4673 Thomas
2788 4610 2872 4674 de
2923 4612 3231 4689 Radeslo,

727 4710 1030 4773 homines
1075 4708 1363 4772 Abbatis
1405 4709 1490 4772 de
1536 4709 1986 4786 Medmeham,
2030 4719 2278 4786 tenent,
2325 4722 2392 4773 et
2435 4710 2709 4773 dimidie
2752 4732 2901 4774 acre
2951 4713 3117 4794 prati
3164 4713 3227 4774 in

728 4812 1180 4888 Cherlemede,
1212 4812 1575 4876 secundum
1620 4813 1800 4894 quod
1846 4813 1976 4875 sors
2019 4813 2295 4895 singulis
2336 4815 2527 4876 annis
2570 4814 2852 4876 eandem
2898 4816 3228 4897 optulerit,

725 4928 793 4980 et
825 4918 891 4979 in
924 4915 1183 4979 duabus
1228 4918 1394 4978 acris
1427 4927 1597 4979 terre
1640 4917 1938 4979 arrabilis
1977 4938 2127 4980 cum
2176 4938 2308 4980 uno
2343 4938 2575 4980 manso
2607 4930 3046 5001 competente.
3141 4920 3230 4982 Et

727 5019 1117 5084 mandatum
1151 5030 1252 5083 est
1285 5019 1466 5083 dicto
1501 5019 1805 5095 officiali,
1837 5031 1960 5083 etc.
