3596 5866
700 593 842 698 326
1333 600 1336 605 ’
1385 594 1655 679 Rotulz‘
1700 595 2053 702 Hugonz‘s
2103 596 2190 678 de
2261 595 2523 678 Welles

872 844 1008 928 [On
1039 844 1145 908 the
1172 846 1355 909 dorse
1374 846 1513 929 .·—]

700 962 910 1028 [Letter
933 962 1088 1028 from
1128 962 1279 1030 Pope
1319 963 1568 1031 Grzgmy
1589 962 1687 1014 IX
1711 968 1767 1015 to
1801 963 1881 1027 R..
1907 962 2097 1028 baetelaop
2131 963 2203 1029 of
2220 962 2540 1022 Chiclzester.
2557 963 2898 1030 pemm'tling
2926 962 3118 1028 Roget·
3145 960 3224 1012 eie

838 1045 892 1095 T
887 1044 1182 1097 urberville
1210 1050 1264 1096 to
1300 1044 1440 1097 hold
1468 1060 1617 1097 more
1649 1045 1785 1098 illan
1818 1062 1920 1099 one
1952 1047 2181 1113 benefice
2202 1044 2340 1097 with
2363 1061 2488 1098 cure
2508 1046 2581 1113 of
2598 1045 2763 1097 sauls.
2837 1046 2891 1096 T
2884 1044 2952 1097 he
2981 1043 3146 1096 letter
3161 1044 3224 1094 is

829 1125 996 1178 dated
1010 1125 1065 1177 A
1061 1129 1121 1194 p.
1146 1126 1288 1192 roth.
1354 1125 1535 1194 Hugh
1558 1126 1626 1180 de
1658 1125 1853 1180 Wellcs
1873 1127 1992 1178 had
2009 1127 2141 1179 died
2158 1127 2248 1179 tlte
2260 1127 2566 1195 preceding
2588 1126 2716 1179 Feb.
2742 1142 2787 1191 7,
2815 1127 3068 1191 1234l35.]

877 1255 1221 1319 Universis
1259 1256 1502 1321 Christi
1549 1254 1855 1319 fidelibus
1895 1276 2165 1339 presens
2210 1257 2532 1339 scriptum
2568 1255 2820 1330 visuriS‚
2854 1255 2950 1332 R„
2980 1253 3220 1316 divina

703 1360 1125 1422 miseratione
1187 1359 1619 1424 Cicestrensis
1670 1360 1948 1423 ecclesie
2010 1361 2311 1423 minister
2370 1360 2657 1436 humilis,
2694 1358 2949 1421 domini
3004 1359 3222 1440 Regis

699 1463 1146 1540 cancellariuS,
1195 1463 1478 1526 salutem
1543 1463 1608 1525 in
1669 1462 1962 1526 domino,
2058 1463 2456 1527 Mandatum
2507 1462 2762 1526 domini
2828 1462 3007 1544 Pape
3067 1482 3219 1523 sus-

637 1593 641 1598 ·
700 1567 998 1649 cepimus
1030 1568 1095 1630 in
1130 1567 1250 1630 hec
1282 1567 1522 1630 verba:
1570 1567 1966 1648 “Gregorius
2002 1567 2397 1651 Episcopus,
2428 1588 2655 1630 servus
2686 1585 3024 1629 servorum
3061 1566 3221 1638 Dei,

700 1670 1058 1734 venerabili
1129 1670 1308 1733 fratri
1389 1671 1728 1754 Episcopo
1805 1670 2222 1747 Cicestrensi‚
2291 1671 2572 1734 salutem
2641 1680 2710 1734 et
2769 1669 3216 1753 apostolicam

700 1774 1252 1838 benedictionem.
1347 1775 1458 1837 Ex
1493 1784 1680 1857 parte
1711 1774 1935 1839 dilecti
1970 1775 2081 1838 filii
2119 1775 2363 1858 Rogeri
2396 1775 2482 1839 de
2514 1775 2942 1851 Turberville‚
2973 1774 3219 1848 clerici,

699 1877 821 1941 fuit
881 1877 1074 1941 nobis
1148 1878 1487 1942 humiliter
1547 1877 1997 1961 supplicatum
2058 1889 2151 1956 ut,
2210 1899 2362 1941 cum
2426 1879 2624 1956 idem,
2682 1879 2796 1961 qui
2856 1877 2942 1941 de
3003 1878 3214 1940 nobili

697 2002 940 2063 genere
1016 1992 1415 2065 procreatuS,
1475 1982 1844 2046 litterature
1904 1983 2351 2066 competentis
2410 1984 2661 2060 existit,
2722 1982 3019 2046 nondum
3082 1982 3216 2044 nisi

698 2085 1038 2168 quoddam
1115 2086 1293 2149 exile
1368 2085 1762 2150 beneficium
1826 2086 1911 2150 de
1971 2108 2121 2169 qu0‚
2183 2109 2332 2151 cum
2394 2087 2774 2170 quindecim
2836 2106 3213 2149 marcarum

696 2191 952 2272 argenti
1000 2190 1377 2266 valentiam,
1423 2192 1594 2254 sicut
1639 2190 1820 2268 dicit,
1867 2193 2059 2254 annis
2105 2192 2383 2274 singulis
2429 2211 2564 2255 non
2610 2192 2916 2268 excedat,
2962 2212 3214 2273 nequa-

696 2315 897 2376 quam
977 2304 1199 2377 potest
1282 2294 1635 2358 commode
1711 2297 2066 2359 sustentari
2132 2297 2421 2379 potuerit
2495 2296 2812 2372 obtinere,
2879 2305 2954 2358 ut
3027 2294 3211 2358 aliud

696 2399 948 2462 habens
1010 2419 1233 2462 curam
1285 2400 1655 2462 animarum
1707 2419 2047 2462 annexam
2108 2421 2259 2463 cum
2322 2400 2561 2464 eodem
2625 2401 2913 2482 recipere
2975 2398 3214 2472 valeat,

695 2503 1059 2567 concedere
1120 2504 1242 2565 sibi
1296 2503 1632 2567 licentiam
1691 2499 2701 2586 misericorditerdignaremur.
2795 2504 2955 2581 NOS,
3010 2503 3215 2586 igitur

695 2608 865 2671 sicut
912 2609 1241 2684 convenit,
1272 2606 1696 2670 attendentes
1733 2606 1933 2689 quod,
1965 2608 2333 2671 secundum
2375 2609 2704 2691 generalis
2750 2619 3001 2672 statuta
3032 2608 3211 2672 Con-

694 2712 843 2790 cilii,
904 2731 1053 2774 cum
1133 2711 1408 2773 literatis
1467 2722 1536 2774 et
1598 2710 1934 2774 nobilibus
2010 2712 2221 2795 possit
2284 2734 2401 2796 per
2461 2713 2688 2777 sedem
2766 2712 3208 2796 apostolicam

694 2816 1083 2899 dispensari,
1127 2815 1520 2879 fraternitati
1568 2825 1681 2879 tue
1728 2837 1846 2899 per
1890 2816 2260 2899 apostolica
2305 2818 2552 2901 scripta
2600 2818 2998 2881 mandamus
3045 2837 3211 2899 qua-

696 2921 891 2998 tinuS‚
922 2920 976 2983 si
1026 2920 1363 3003 premissis
1410 2919 1651 2983 veritas
1698 2918 2117 3003 suffragatur,
2157 2921 2375 2985 eidem
2429 2932 2500 2987 ut
2548 2931 2767 3005 preter
2814 2920 2994 2999 illud,
3025 2919 3209 3003 quod

698 3045 871 3087 nunc
904 3023 1204 3106 optinere
1236 3023 1619 3100 dinoscitur,
1644 3024 1825 3088 aliud
1859 3024 2254 3088 beneficium
2290 3046 2515 3089 curam
2548 3024 2802 3088 habens
2833 3025 3208 3087 animarum

696 3147 1053 3203 annexam,
1085 3127 1139 3189 si
1170 3126 1229 3189 ei
1264 3127 1581 3189 canonice
1612 3110 1944 3205 offeratur,
1976 3127 2452 3192 constitutione
2484 3128 2723 3211 prefati
2757 3128 3038 3192 Concilii
3072 3148 3210 3190 non

696 3232 1024 3308 obstante,
1077 3232 1365 3315 recipere
1427 3232 1629 3295 libere
1690 3233 1909 3296 valeat
1969 3242 2035 3296 et
2112 3233 2393 3297 retinere
2469 3234 2743 3297 licenter
2814 3233 3212 3296 auctoritate

699 3346 924 3399 nostra
955 3334 1299 3399 concedas
1393 3335 1645 3399 Datum
1684 3335 2014 3413 Laterani,
2048 3337 2167 3420 xiij
2212 3337 2533 3400 kalendas
2578 3337 2738 3400 Maii
2780 3336 3211 3419 pontificatus

697 3440 902 3503 nostri
963 3460 1141 3502 anno
1202 3438 1493 3502 octavo’'
1606 3439 1777 3504 Cum
1842 3439 2042 3522 igitur
2099 3441 2185 3505 de
2240 3441 2576 3524 premissis
2627 3440 2820 3521 nobis
2882 3440 3210 3523 legittime

697 3544 1084 3621 constiterit,
1130 3544 1524 3607 auctoritate
1572 3544 1869 3606 mandati
1918 3546 2298 3628 supradicti,
2337 3545 2803 3628 dispensamus
2857 3565 3006 3606 cum
3064 3565 3211 3627 pre-

695 3647 878 3711 dicto
927 3647 1194 3730 Rogero
1240 3658 1330 3724 ut,
1363 3659 1582 3730 preter
1629 3648 1788 3711 illud
1832 3649 2013 3730 quod
2060 3670 2237 3712 nunc
2283 3650 2584 3713 obtinere
2614 3648 2983 3712 dinoscitur
3026 3647 3206 3711 aliud

697 3751 1090 3815 beneficium
1125 3773 1349 3814 curam
1385 3751 1639 3814 habens
1679 3752 2054 3815 animarum
2096 3773 2456 3829 annexam,
2487 3753 2539 3815 si
2575 3752 2634 3816 ei
2668 3753 2985 3815 canonice
3016 3751 3208 3814 offer·

697 3868 865 3933 atur,
887 3857 1364 3921 constitutione
1391 3856 1668 3921 Concilii
1700 3859 2029 3944 generalis
2061 3879 2193 3922 non
2227 3859 2539 3923 obstante
2572 3858 2862 3940 recipere
2893 3857 3109 3919 valeat
3137 3865 3210 3919 et

695 3963 970 4025 licenter
1016 3962 1311 4025 retinere.
1408 3962 1658 4024 Datum
1708 3962 2058 4026 Londonie
2107 3984 2222 4045 per
2269 3983 2539 4025 manum
2593 3961 2858 4038 Ernisii,
2900 3980 3206 4043 procura-

693 4065 852 4128 toris
885 4064 1334 4141 Cicestrensi5‚
1364 4066 1600 4147 quinto
1632 4065 1896 4128 decimo
1927 4065 2249 4130 kalendas
2281 4066 2437 4148 Julii
2472 4086 2649 4129 anno
2679 4065 2937 4128 eodem.

696 4340 905 4404 [Leder
921 4340 1087 4407 from
1123 4337 1214 4390 tlte
1247 4353 1400 4390 same
1432 4338 1585 4405 Pope
1618 4344 1673 4391 to
1710 4342 1896 4402 (name
1925 4340 2028 4407 lest
2052 4339 2239 4403 blank)
2276 4339 2491 4407 Bishop
2522 4339 2593 4406 os
2614 4339 2862 4401 ljncoln,
2887 4338 3138 4406 desm‘ng
3170 4355 3208 4391 a

826 4420 1057 4488 benefice
1076 4425 1130 4472 to
1151 4418 1214 4471 be
1235 4419 1526 4485 confmed
1542 4436 1616 4472 on
1641 4419 1722 4484 R..
1748 4426 1926 4473 rector
1945 4421 2017 4487 os
2033 4421 2372 4488 Oddington,
2402 4420 2601 4487 Oxou]

874 4531 1230 4613 Gregorius
1288 4532 1682 4615 EpiscopuS,
1729 4553 1955 4595 servus
2009 4553 2346 4595 servorum
2406 4532 2552 4608 Dei,
2603 4531 2961 4595 venerabili
3019 4531 3201 4594 fratri

699 4635 970 4719 [blank]
1028 4636 1367 4719 Episcopo
1433 4637 1900 4714 Lincolniensi,
1954 4637 2237 4701 salutem
2287 4646 2357 4699 et
2405 4636 2842 4717 apostolicam
2896 4634 3205 4699 benedic-

698 4741 966 4803 tionem.
1060 4739 1362 4803 Dilectus
1432 4739 1603 4803 filius
1684 4742 1780 4816 R„
1841 4751 2054 4804 rector
2126 4740 2402 4803 ecclesie
2474 4739 2560 4802 de
2635 4738 3031 4803 Ottendune
3092 4749 3205 4802 tue

701 4844 999 4921 diocesiS,
1039 4844 1229 4906 nobis
1270 4847 1586 4926 exposuit
1618 4843 1798 4927 quod
1840 4866 1991 4907 cum
2034 4845 2119 4907 sit
2158 4845 2243 4907 de
2283 4844 2616 4906 nobilibus
2654 4853 2839 4905 ortus
2871 4842 3206 4905 natalibus

699 4958 766 5010 et
828 4957 966 5011 tam
1031 4947 1094 5009 in
1159 4947 1538 5010 liberalibus
1598 4949 1851 5011 artibus
1912 4969 2113 5031 quam
2177 4949 2240 5011 in
2300 4947 2445 5028 jure
2504 4947 2679 5010 civili
2742 4967 2873 5009 non
2939 4947 3205 5010 modico

700 5061 1001 5134 tempore
1053 5051 1392 5115 desudarit
1457 5052 1755 5115 nondum
1812 5061 2038 5115 tamen
2092 5061 2481 5134 competens
2526 5061 2628 5115 est
2680 5051 3202 5116 ecclesiasticum
