3596 5866
627 570 755 640 152
1276 554 1280 558 ’
1318 548 1586 620 Rotulz'
1615 548 1968 644 Hugonis
2002 548 2088 619 de
2142 548 2405 619 Welles

615 783 893 851 [William
929 784 1112 843 Poeta.
1137 784 1410 851 chaplain,
1436 784 1734 851 presented
1758 783 1826 852 by
1857 784 1948 836 tlte
1981 785 2151 837 Prior
2180 784 2300 836 and
2336 785 2588 836 Convent
2615 796 2677 851 os
2711 785 2789 836 st.
2814 783 3121 841 Andrew's‚

745 866 1164 933 Northamptom
1187 866 1237 917 is
1258 865 1546 917 instituted
1561 867 1722 917 vicar
1737 867 1810 932 os
1822 866 1900 918 St.
1931 866 2093 928 Giles,
2120 865 2569 932 Not-tltampton.]

789 987 1071 1052 SANch
1139 987 1389 1050 EG1D11
1461 987 2083 1049 NORHAMPTONIE
2153 987 2893 1067 mmmm—Magister
2957 985 3120 1047 Wil-

615 1093 850 1156 lelmus
901 1095 1122 1166 Poeta,
1170 1092 1568 1173 capellanuS,
1611 1102 2028 1174 presentatus
2081 1113 2196 1173 per
2256 1093 2541 1154 Priorem
2595 1102 2662 1155 et
2716 1102 3118 1154 conventum

618 1197 846 1261 Sancti
897 1196 1168 1259 Andree
1216 1196 1748 1278 Norhamptonie
1793 1196 1878 1258 ad
1926 1197 2237 1258 vicariam
2294 1195 2568 1258 ecclesie
2616 1195 2844 1259 Sancti
2898 1193 3120 1276 Egidii

619 1301 1166 1384 Norhamptonie,
1228 1302 1600 1364 ordinatam
1674 1312 1746 1364 ut
1817 1323 2014 1384 supra
2075 1322 2253 1364 anno
2314 1301 2611 1384 [blank];
2691 1300 2865 1363 facta
2942 1299 3121 1381 prius

616 1405 1040 1486 inquisitione
1074 1426 1190 1487 per
1233 1405 1330 1478 R„
1382 1404 1944 1468 Archidiaconum
2000 1406 2549 1487 Norhamptonie,
2582 1425 2698 1487 per
2728 1423 2949 1485 quam,
2979 1413 3121 1477 ete„

616 1508 700 1570 ad
747 1507 1029 1571 eandem
1078 1508 1406 1570 admissus
1452 1517 1552 1570 est
1599 1507 1722 1569 sub
1767 1529 1969 1571 onere
2015 1519 2081 1571 et
2130 1529 2304 1590 pena
2348 1509 2759 1582 vicariorum,
2811 1517 2933 1569 etc.
3030 1505 3118 1566 Et

617 1611 1005 1674 mandatum
1039 1623 1140 1675 est
1171 1610 1352 1673 dicto
1386 1610 1879 1673 Archidiacono
1923 1622 2011 1687 ut,
2042 1625 2162 1674 etc.

1592 1961 1873 2023 ANNUS
1920 1958 2130 2022 xxst'ffi

608 2092 819 2160 [Roger
850 2093 918 2145 de
957 2092 1249 2159 Bissopele,
1273 2093 1612 2153 sub-deame,
1640 2095 1938 2162 presented
1971 2095 2036 2161 by
2068 2094 2317 2145 William
2361 2092 2633 2150 Burdone,
2659 2092 2707 2143 is
2746 2090 3035 2143 instituted
3066 2096 3120 2141 to

734 2174 824 2226 the
845 2175 1042 2228 churclz
1069 2177 1140 2242 os
1163 2175 1564 2243 Dcsborough.]

783 2286 1654 2366 DESEBURGE.—Rogerus
1687 2288 1771 2349 de
1811 2287 2169 2369 Bissopele,
2201 2286 2666 2360 subdiaconus,
2699 2292 3118 2366 presentatus

608 2412 724 2472 per
755 2390 1167 2453 Willelmum
1206 2390 1515 2453 Burdone
1547 2391 1635 2453 ad
1668 2392 2018 2453 ecclesiam
2053 2390 2137 2453 de
2173 2391 2579 2471 Deseburge,
2612 2398 2958 2452 vacantem
3006 2408 3120 2468 per

606 2494 977 2569 concilium,
1028 2493 1203 2556 facta
1267 2495 1449 2576 prius
1513 2495 1946 2575 inquisitione
2007 2515 2126 2576 per
2178 2494 2574 2575 Magistrum
2628 2492 2712 2567 S„
2745 2490 3117 2555 Officialem

612 2598 1158 2680 Norhamptonie,
1207 2619 1324 2680 per
1369 2619 1572 2679 quam
1623 2599 1967 2680 negotium
2015 2607 2155 2660 erat
2205 2599 2268 2659 in
2317 2597 2657 2678 expeditO,
2703 2595 2787 2657 ad
2834 2594 3117 2656 eandem

610 2700 938 2764 admissus
983 2713 1099 2765 est.
1194 2703 1282 2764 Et
1332 2702 1722 2764 mandatum
1771 2713 1871 2764 est
1919 2703 2100 2764 dicto
2148 2701 2435 2765 Officiali
2485 2712 2554 2762 ut
2604 2701 2819 2782 ipsum
2872 2701 2934 2761 in
2980 2719 3119 2759 cor-

610 2805 902 2886 poralem
937 2806 1142 2887 ipsius
1173 2805 1447 2869 ecclesie
1481 2808 1967 2888 possessionem
2003 2805 2288 2868 inducat.

606 3149 876 3218 [Thomas
913 3149 980 3202 de
1021 3150 1485 3217 Norhamptonia,
1526 3150 1803 3218 elzaplain,
1836 3151 2131 3217 presented
2162 3151 2228 3218 by
2268 3151 2359 3203 the
2399 3151 2572 3202 Prior
2605 3149 2724 3201 and
2772 3150 3019 3201 Conveni
3058 3149 3129 3215 os

734 3232 960 3292 Lenton,
985 3232 1164 3292 Notts,
1189 3234 1238 3284 is
1260 3233 1550 3285 instituted
1567 3240 1621 3285 to
1644 3233 1733 3285 the
1755 3233 1956 3286 ckurclz
1981 3234 2051 3301 os
2066 3233 2368 3301 Rushdem]

782 3351 1682 3415 RISSENDENE.—-Thomas
1714 3351 1800 3414 de
1839 3352 2389 3433 Norhamptonia,
2422 3351 2823 3433 capellanuS,
2856 3370 3119 3432 presen-

607 3464 784 3517 tatus
845 3475 962 3536 per
1018 3455 1308 3517 Priorem
1370 3465 1437 3517 et
1498 3466 1902 3518 conventum
1965 3455 2048 3518 de
2116 3456 2418 3518 Lentone
2481 3455 2563 3517 ad
2626 3454 2971 3517 ecclesiam
3035 3453 3119 3517 de

611 3558 1055 3634 Ressendene,
1101 3558 1277 3621 facta
1324 3560 1504 3641 prius
1552 3560 1979 3641 inquisitione
2028 3580 2144 3641 per
2192 3560 2287 3636 R„
2333 3559 2898 3621 Archidiaconum
2951 3558 3118 3620 Nor-

608 3662 1013 3744 hamptonie,
1075 3684 1190 3744 per
1250 3683 1472 3744 quam,
1532 3675 1672 3737 etc„
1733 3664 1818 3725 ad
1881 3663 2164 3726 eandem
2214 3663 2544 3725 admissus
2603 3674 2722 3737 est,
2782 3672 2848 3725 et
2916 3663 2978 3724 in
3041 3683 3121 3724 ea

608 3767 922 3827 canonice
971 3786 1251 3847 persona
1298 3767 1682 3841 institutus;
1730 3768 1913 3829 salva
1959 3767 2152 3829 dictis
2202 3768 2405 3829 Priori
2453 3777 2519 3829 et
2567 3767 2922 3829 conventui
2972 3787 3117 3848 por-

612 3868 791 3931 tione
853 3869 1206 3950 garbarum
1255 3880 1322 3932 et
1379 3869 1506 3932 feni
1564 3891 1680 3952 per
1732 3869 2082 3931 dominum
2144 3871 2553 3951 Episcopum
2617 3870 2702 3931 H.
2753 3869 3115 3932 secundum

611 3980 678 4034 et
738 3972 1101 4054 capitulum
1173 3972 1488 4048 Lincoln',
1545 3974 1702 4055 ipsis
1759 3994 2091 4047 concessa,
2141 3978 2409 4036 nomine
2466 3974 2766 4055 perpetui
2823 3972 3122 4036 beneficii

611 4076 1032 4156 percipienda
1063 4079 1424 4139 annuatim.
1518 4077 1841 4141 Consistit
1873 4088 2097 4140 autem
2134 4079 2349 4159 portio
2372 4098 2651 4158 persone
2684 4078 2747 4138 in
2783 4086 2926 4138 toto
2957 4077 3121 4139 alta-

611 4180 792 4261 ragio
811 4190 877 4242 et
898 4179 1208 4242 omnibus
1243 4181 1514 4242 minutis
1537 4180 1813 4243 decimis
1845 4181 1930 4243 ad
1962 4180 2244 4243 eandem
2278 4180 2624 4243 ecclesiam
2649 4179 3118 4262 spectantibus,

612 4283 931 4346 Consistit
959 4284 1159 4347 etiam
1197 4285 1260 4346 in
1309 4285 1583 4347 decimis
1615 4285 1967 4366 garbarum
2012 4295 2079 4348 et
2121 4284 2254 4347 seni
2293 4296 2445 4348 octo
2485 4285 2885 4367 virgatarum
2932 4295 3119 4358 terre,

609 4407 739 4468 que
777 4387 1033 4450 decime
1054 4389 1275 4451 valent
1298 4389 1367 4451 xl
1403 4388 1649 4450 solidos
1677 4409 1689 4464 ;
1724 4390 1881 4450 item
1908 4390 1970 4450 in
1994 4388 2271 4451 decimis
2296 4388 2647 4470 garbarum
2675 4399 2741 4450 et
2771 4388 2897 4451 feni
2931 4388 3120 4469 quin-

612 4512 742 4573 que
775 4492 1174 4574 virgatarum
1209 4504 1394 4568 terre,
1425 4503 1492 4556 et
1526 4494 1590 4555 in
1625 4492 1886 4555 redditu
1923 4491 2056 4555 xxti
2077 4493 2498 4555 denariorum
2521 4492 2607 4555 de
2638 4492 2808 4554 tofto
2836 4490 3118 4553 Arnoldi

615 4596 676 4658 le
707 4596 1012 4678 Tippere‚
1044 4617 1172 4678 que
1205 4598 1426 4660 valent
1459 4597 1500 4677 ij
1543 4617 1815 4659 marcaS.
1914 4596 2211 4660 Habebit
2243 4598 2442 4659 etiam
2490 4617 2773 4679 persona
2813 4616 3117 4658 mansum

614 4699 725 4780 qui
789 4699 909 4761 suit
977 4700 1269 4763 Hawisie
1319 4701 1797 4782 Temprenoise
1860 4721 2010 4761 cum
2076 4700 2513 4782 pertinentiis·
2628 4700 2741 4761 Hii
2805 4709 2960 4761 sunt
3006 4699 3120 4779 qui

615 4812 842 4895 tenent
876 4803 1204 4885 predictas
1236 4813 1389 4865 octo
1421 4805 1709 4884 virgatas
1742 4814 1930 4878 terre,
1968 4803 2339 4865 Edwardus
2373 4803 2431 4865 le
2468 4802 2896 4865 Newebonde
2938 4811 3121 4864 tenet

614 4906 958 4970 dimidiam
1009 4908 1353 4989 virgatam,
1406 4907 1601 4970 Batte
1652 4907 1859 4970 Hulle
1907 4906 2254 4969 dimidiam
2311 4908 2655 4989 virgatam,
2710 4906 2916 4987 Hugo
2967 4904 3121 4967 Ber-

616 5011 835 5074 karius
868 5011 1214 5075 dimidiam
1248 5012 1592 5093 virgatam,
1628 5012 1932 5093 Rogerus
1979 5011 2363 5094 capellanus
2401 5010 2746 5074 dimidiam
2783 5011 3128 5091 virgatam,
