3596 5866
707 582 838 649 166
1376 543 1652 651 Rotulz'
1681 577 1782 648 H
1776 577 2035 673 ugonis
2086 575 2172 648 de
2236 575 2499 648 Welles

694 817 946 880 eadem.
1041 818 1131 880 Et
1164 816 1555 880 mandatum
1603 826 1706 879 est
1751 817 1934 879 dicto
1984 816 2477 879 Archidiacono
2523 825 2615 892 ut,
2662 826 2785 878 etc.
2879 814 3207 879 Consistit

695 931 917 985 autem
968 922 1110 1003 ipsa
1141 923 1383 984 vicaria
1431 922 1495 984 in
1545 931 1688 985 toto
1734 922 2057 1003 altaragio
2105 922 2311 1003 ipsius
2357 920 2649 997 ecclesie,
2696 940 2846 982 cum
2895 920 3207 981 omnibus

697 1026 969 1089 minutis
1027 1025 1303 1089 decimis
1363 1036 1430 1089 et
1492 1026 1819 1107 primitiis,
1865 1036 1933 1088 et
1983 1035 2127 1088 tota
2178 1025 2442 1088 decima
2495 1025 2581 1088 de
2630 1024 2970 1087 dominico
3030 1023 3208 1086 dicte

695 1129 986 1205 ecclesie,
1017 1139 1084 1193 et
1115 1129 1406 1211 quodam
1442 1141 1633 1211 prato
1663 1128 1846 1211 quod
1868 1139 2144 1192 vocatur
2176 1140 2439 1212 pratum
2474 1128 2751 1192 ecclesie
2783 1128 2867 1190 de
2901 1127 3207 1190 Bulewic'

695 1254 922 1297 versus
972 1234 1320 1310 Lexitone,
1368 1234 1740 1316 pertinente
1801 1233 1883 1296 ad
1933 1232 2342 1296 dominicum
2391 1232 2550 1297 dicti
2612 1232 2905 1306 ecclesie,
2951 1242 3018 1294 et
3064 1241 3209 1294 tota

697 1337 957 1401 decima
990 1337 1370 1414 molendini,
1401 1348 1469 1401 et
1514 1338 1775 1401 decima
1808 1338 2123 1419 pannagii
2172 1338 2376 1419 ipsius
2426 1338 2700 1399 manerii
2748 1337 2832 1400 de
2884 1336 3208 1412 Bulewic’,

696 1451 764 1504 et
806 1442 872 1504 in
926 1442 1188 1505 duobus
1242 1441 1597 1523 mesuagiis
1651 1442 1795 1504 sitis
1850 1461 2057 1524 prope
2109 1440 2392 1503 eandem
2448 1440 2811 1503 ecclesiam.
2911 1440 3208 1502 Habebit

697 1545 873 1608 idern
907 1546 1186 1607 vicarius
1218 1545 1635 1627 capellanum
1657 1546 1908 1608 socium
1930 1545 2246 1608 continue
2278 1545 2343 1607 in
2369 1544 2624 1627 capella
2654 1545 2842 1608 Beati
2868 1544 3206 1607 Laurentii

698 1648 1200 1711 ministrantem.

823 1818 1013 1881 [Mem.
1038 1821 1107 1882 8.]

698 1909 979 1977 [Richard
1025 1925 1124 1961 son
1171 1909 1241 1976 os
1273 1909 1481 1967 Robert,
1530 1908 1867 1967 sub-deacon‚
1896 1909 2194 1976 presented
2232 1909 2297 1976 by
2341 1909 2432 1961 tlte
2479 1909 2651 1960 Pn'or
2690 1908 2814 1961 and
2857 1908 3111 1960 Convent
3143 1909 3214 1976 os

830 1992 879 2044 C
874 1996 1115 2059 wentry,
1141 1992 1190 2042 is
1213 1991 1506 2043 instituted
1522 1997 1576 2044 to
1597 1991 1689 2043 tlte
1710 1991 1911 2043 churclz
1929 1991 2002 2058 of
2023 1992 2335 2055 W'nwick.]

869 2101 1774 2165 WYNEWYKE.—Ricardus
1797 2101 1969 2164 filius
1994 2102 2765 2178 Roberti,subdiaconu5,
2785 2112 3207 2185 presentatus

695 2228 810 2288 per
858 2207 1148 2269 Priorem
1196 2216 1263 2269 et
1310 2215 1711 2268 conventum
1762 2206 2118 2270 Coventrie
2161 2206 2245 2269 ad
2302 2206 2649 2269 ecclesiam
2712 2206 2797 2269 de
2848 2206 3207 2281 Winewic’,

693 2311 866 2373 facta
901 2311 1081 2393 prius
1127 2311 1554 2391 inquisitione
1602 2332 1718 2392 per
1761 2311 1837 2391 J.,
1886 2310 2454 2373 Archidiaconum
2509 2310 3059 2393 Norhamptonie,
3093 2331 3211 2393 per

689 2434 909 2495 quam,
939 2424 1079 2490 etc.‚
1111 2413 1193 2476 ad
1229 2413 1511 2477 eandem
1559 2413 1890 2477 admissus
1935 2425 2055 2491 est,
2086 2425 2207 2478 ete.
2305 2415 2394 2477 Et
2441 2414 2835 2477 mandatum
2882 2425 2983 2478 est
3021 2414 3207 2477 dicto

693 2516 1187 2580 Archidiacono
1221 2525 1310 2593 ut,
1340 2526 1470 2580 etc.
2868 2501 2872 2506 ’

685 2774 899 2841 [Roger
955 2774 1024 2825 de
1087 2774 1408 2840 Hereforde,
1460 2774 1736 2841 elzaplain,
1792 2775 2086 2841 presented
2136 2775 2201 2843 by
2256 2776 2346 2828 tlte
2415 2776 2586 2827 Prior
2638 2775 2760 2827 and
2824 2777 2940 2828 Con
2948 2780 3079 2826 vent
3141 2775 3214 2843 of

827 2856 1134 2919 Chacombe,
1163 2857 1212 2908 is
1233 2856 1525 2908 instituted
1543 2858 1702 2910 vicar
1719 2858 1788 2925 os
1806 2856 1854 2908 C
1850 2856 2114 2910 hacombe.
2191 2857 2305 2909 The
2326 2859 2589 2925 vicar-age
2609 2859 2659 2909 is
2679 2857 2991 2924 described]

864 2967 1762 3050 CHAUCUMBE.—-Rogerus
1801 2968 1886 3030 de
1931 2968 2317 3044 Heresorde,
2348 2969 2747 3051 capellanuS,
2782 2978 3207 3050 presentatus

687 3092 802 3153 per
845 3072 1130 3134 Priorem
1164 3081 1230 3134 et
1262 3082 1663 3134 conventum
1696 3071 1782 3135 de
1830 3072 2263 3136 Chaucumbe
2309 3072 2392 3135 ad
2429 3074 2738 3135 vicariam
2787 3073 3063 3135 ecclesie
3109 3071 3196 3134 de

691 3174 1141 3251 Chaucumbe,
1188 3174 1362 3237 facta
1411 3176 1589 3257 prius
1637 3176 2063 3257 inquisitione
2112 3197 2228 3258 per
2272 3176 2346 3257 J.,
2402 3176 2966 3239 Archidiaconum
3037 3176 3206 3237 Nor-

686 3280 1097 3361 hamptonie,
1130 3300 1244 3360 per
1275 3299 1496 3360 quam,
1526 3288 1668 3356 eto,
1701 3280 1785 3343 ad
1819 3280 2103 3342 eandem
2138 3279 2468 3343 admissus
2500 3292 2601 3343 est
2645 3300 2798 3342 curn
2832 3300 3049 3356 onere,
3080 3290 3202 3342 etc.

688 3382 777 3444 Et
832 3381 1220 3445 mandatum
1269 3393 1370 3445 est
1416 3381 1633 3445 eidem
1692 3382 2187 3446 Archidiacono
2245 3393 2336 3459 ut,
2385 3393 2505 3445 etc.
2609 3382 2933 3446 Consistit
2980 3392 3204 3445 autem

685 3486 832 3567 ipsa
878 3485 1120 3547 vicaria
1169 3486 1232 3546 in
1269 3506 1400 3547 uno
1446 3486 1746 3548 corredio
1800 3486 2100 3548 canonici
2149 3496 2215 3549 et
2264 3488 2328 3549 in
2378 3486 2509 3548 alio
2556 3485 2855 3549 corredio
2902 3485 2983 3548 ad
3036 3507 3208 3567 opus

684 3588 1035 3669 cujusdam
1069 3589 1283 3651 clerici
1316 3590 1421 3652 cui
1453 3590 1733 3652 vicarius
1765 3592 2102 3654 tenebitur
2134 3593 2198 3654 in
2233 3590 2581 3674 stipendiis
2612 3613 2625 3668 ;
2673 3591 2832 3653 item
2857 3591 2921 3652 in
2945 3590 3207 3653 duabus

685 3692 923 3755 marcis
955 3692 1192 3755 annuis
1224 3691 1308 3755 de
1340 3713 1603 3756 camera
1641 3695 1878 3756 Prioris
1912 3694 2186 3776 predicti
2223 3694 2678 3777 percipiendis,

687 4037 970 4105 [Geoffrey
1001 4036 1068 4089 de
1103 4036 1354 4096 Lodbroc,
1390 4037 1662 4105 chaplain,
1691 4039 1989 4105 presented
2014 4038 2082 4106 by
2102 4039 2191 4091 tlte
2223 4039 2475 4092 Prior-ess
2505 4037 2627 4090 and
2658 4039 2707 4090 C
2702 4043 2913 4090 onvent
2940 4039 3014 4105 of
3037 4037 3204 4088 Nun-

815 4125 988 4181 eaton‚
1022 4119 1070 4170 is
1106 4119 1399 4172 instituted
1436 4121 1597 4173 vicar
1629 4121 1702 4187 os
1734 4120 2242 4188 Burley-on-the-H
2241 4121 2317 4184 ill,
2358 4120 2623 4173 Rutland.
2699 4120 2812 4174 The
2854 4122 3116 4187 vicarage
3160 4121 3209 4171 is

815 4201 1134 4269 described]

868 4304 1735 4368 BURNLEYA.—Galfridus
1794 4306 1880 4368 de
1931 4305 2255 4382 Lodbroc,
2317 4306 2717 4389 capellanu5‚
2781 4314 3206 4388 presentatus

690 4428 804 4489 per
883 4407 1265 4469 Priorissam
1341 4420 1409 4470 et
1483 4418 1887 4472 conventum
1964 4410 2161 4473 Eton’
2232 4409 2316 4472 ad
2388 4411 2701 4473 vicariam
2779 4409 3053 4471 ecclesie
3113 4406 3200 4469 de

694 4511 1042 4592 Burnleya‚
1106 4510 1279 4574 facta
1342 4513 1520 4593 prius
1575 4513 2004 4594 inquisitione
2066 4535 2181 4596 per
2246 4514 2640 4596 Magistrum
2696 4513 2778 4589 S„
2828 4510 3204 4576 Officialem

693 4615 751 4675 N
759 4613 1239 4694 orhamptonie,
1272 4634 1388 4695 per
1417 4635 1638 4695 quam,
1669 4626 1815 4689 etc.,
1848 4615 1930 4678 ad
1974 4615 2255 4678 eandem
2300 4615 2630 4677 admissus
2662 4625 2782 4689 est,
2814 4635 2966 4677 cum
3001 4634 3203 4676 onere

687 4728 755 4779 et
806 4737 994 4797 pena,
1031 4726 1151 4778 etc.
1273 4717 1361 4780 Et
1407 4717 1800 4780 mandatum
1852 4730 1952 4782 est
1998 4720 2073 4800 J.,
2110 4718 2602 4781 Archidiacono
2652 4717 3206 4799 Norhamptonie,

691 4830 780 4895 ut,
839 4830 958 4881 ete.
1052 4819 1373 4883 Consistit
1428 4830 1650 4883 autem
1706 4822 1849 4903 ipsa
1898 4823 2140 4884 vicaria
2201 4823 2267 4883 in
2321 4831 2467 4883 toto
2513 4821 2836 4903 altaragio
2897 4820 3201 4901 ejusdem

692 4923 984 4998 ecclesie,
1022 4924 1325 5003 exceptis
1373 4924 1562 5005 agnis
1608 4935 1676 4987 et
1722 4924 2238 4988 obventionibus
2286 4924 2822 5007 pervenientibus
2868 4923 2951 4986 ad
3000 4924 3207 4985 altare

694 5048 810 5111 per
859 5047 952 5089 xv
1004 5026 1146 5089 dies
1209 5028 1272 5089 in
1335 5027 1599 5090 duobus
1659 5028 1844 5091 festis
1907 5029 2136 5093 Sancti
2200 5029 2443 5092 CruciS.
2542 5029 2712 5092 Item
2778 5029 3083 5091 consistit
3139 5027 3205 5089 in
