3596 5866
1137 539 1494 635 Episcopi
1538 538 2102 612 Lzucolnz‘ensz's.
2737 556 2873 629 207

370 777 664 840 caritatis
704 797 783 839 ea
822 777 1018 840 valde
1060 778 1396 840 meritoria
1435 787 1828 860 reputantur
1866 797 1997 859 que
2038 778 2147 859 pia
2186 776 2543 841 devotione
2584 775 2877 839 fidelium

329 932 336 939 .
370 880 451 943 ad
488 881 873 963 pupplicam
908 881 1340 945 conferuntur
1371 883 1746 957 utilitatem,
1777 882 2279 944 universitatem
2314 890 2602 945 vestram
2644 900 2878 961 rogan-

368 984 524 1047 dam
581 983 918 1060 duximuS,
970 985 1375 1048 monendam
1432 995 1499 1048 et
1548 984 2041 1048 exhortandam
2095 985 2159 1047 in
2208 985 2519 1061 Domin0,
2569 984 2882 1065 quatinus

369 1107 520 1150 cum
554 1108 672 1149 vos
719 1108 834 1169 per
874 1097 1148 1169 pontem
1196 1088 1282 1152 de
1329 1089 1706 1170 Trapstone
1753 1090 2107 1151 transitum
2142 1088 2356 1151 facere
2395 1087 2763 1167 contigerit,
2795 1086 2879 1148 ad

370 1193 934 1256 constructionem
983 1202 1050 1255 et
1097 1194 1669 1255 conservationem
1719 1191 2020 1272 ejusdem
2069 1192 2153 1255 de
2199 1192 2391 1253 bonis
2426 1191 2613 1253 vobis
2654 1212 2692 1252 a
2734 1190 2883 1253 Deo

371 1296 629 1359 collatis
662 1296 912 1378 aliquid
949 1297 1458 1360 misericorditer
1488 1297 1789 1377 erogetis
1888 1297 2029 1358 Nos
2061 1306 2285 1359 autem
2318 1294 2404 1358 de
2437 1295 2884 1357 misericordia

374 1401 498 1464 Dei
533 1399 946 1463 confidentes
988 1401 1299 1463 omnibus
1341 1410 1563 1463 nostre
1602 1399 1884 1462 diocesis
1923 1410 1991 1462 et
2037 1400 2199 1474 aliis,
2231 1418 2511 1481 quorum
2547 1398 2881 1461 diocesani

371 1505 541 1566 hanc
576 1515 872 1566 nostram
908 1503 1391 1567 relaxationem
1427 1514 1638 1566 ratam
1673 1504 2044 1580 habuerint,
2066 1524 2183 1585 per
2208 1502 2579 1585 predictum
2609 1511 2880 1583 pontem

371 1608 871 1671 transeuntibus
914 1618 982 1671 et
1021 1608 1419 1671 elemosinas
1462 1607 1711 1671 ibidem
1753 1608 1862 1690 pie
1907 1606 2418 1681 conserentibuS,
2458 1604 2777 1667 confessis
2817 1615 2884 1667 et

372 1733 525 1776 vere
557 1713 1029 1795 penitentibuS‚
1049 1713 1134 1775 de
1167 1713 1468 1794 injuncta
1499 1713 1622 1775 sibi
1658 1713 2026 1795 penitentia
2050 1711 2283 1775 decem
2310 1710 2453 1774 dies
2487 1710 2885 1783 relaxamu3‚

374 1816 818 1880 concedentes
867 1817 1036 1880 hanc
1090 1827 1312 1881 nostre
1367 1818 1801 1881 relaxationis
1850 1818 2142 1900 graciam
2200 1837 2315 1899 per
2371 1835 2574 1878 unum
2634 1833 2881 1876 annum

373 1921 780 1997 duraturam,
842 1931 908 1984 et
972 1921 1398 2004 prohibentes
1461 1941 1544 1985 ne
1605 1922 1878 1984 nuntius
1940 1921 2043 1984 vel
2107 1919 2484 2002 predicator
2543 1938 2695 1981 cum
2758 1918 2882 1980 hiis

375 2024 607 2086 litteris
656 2025 898 2086 nostris
951 2024 1332 2106 patentibus
1386 2026 1690 2088 mittatur
1739 2023 1825 2086 ad
1878 2024 2208 2106 predictas
2257 2023 2656 2085 elemosinas
2703 2020 2884 2083 colli-

372 2128 642 2209 gendas,
742 2129 920 2191 Data
977 2148 1093 2210 per
1149 2149 1419 2191 manum
1469 2128 1792 2209 Johannis
1840 2128 1925 2190 de
1974 2127 2285 2190 Tantone
2332 2126 2655 2208 capellani
2704 2125 2882 2207 apud

377 2232 763 2295 Alnestowe
794 2244 1031 2314 quarto
1064 2252 1275 2294 nonas
1309 2233 1598 2313 Augusti
1632 2253 1811 2295 anno
1843 2231 2270 2313 pontificatus
2303 2232 2506 2294 nostri
2544 2252 2650 2293 xv.
2864 2216 2869 2220 ⁴

375 2504 517 2572 [The
539 2504 849 2555 institution
874 2504 946 2569 of
970 2503 1209 2555 Thomas
1230 2502 1298 2553 de
1325 2502 1517 2554 Insula
1542 2507 1595 2554 to
1616 2502 1707 2554 the
1722 2502 1987 2567 vt'carage
2001 2502 2071 2569 of
2082 2501 2419 2562 Brockhall,·
2452 2501 2602 2568 Aug.
2622 2517 2699 2565 27,
2722 2519 2887 2566 1224,-

503 2579 672 2652 Scep?
691 2589 823 2648 118]

554 2696 889 2758 LITTERE
959 2696 1350 2776 JoHANle
1421 2693 2310 2769 WAC1<'.—-Omnibus,etc.
2407 2694 2681 2757 Noverit
2743 2695 2884 2757 uni-

377 2799 651 2861 versitas
698 2810 916 2860 vestra
965 2818 1085 2860 nos
1132 2798 1216 2860 ad
1266 2799 1829 2880 presentationem
1877 2796 2100 2860 dilecti
2150 2796 2263 2859 filii
2313 2797 2639 2879 Johannis
2691 2798 2884 2860 Wak’

379 2923 657 2984 persone
702 2901 977 2965 ecclesie
1022 2901 1107 2965 de
1157 2901 1456 2965 Brochol’
1507 2902 1749 2964 factam
1801 2901 1886 2965 de
1939 2922 2264 2965 consensu
2322 2902 2561 2965 Prioris
2611 2911 2678 2966 et
2731 2923 2884 2965 con-

381 3017 616 3069 ventus
693 3007 777 3069 de
850 3006 1242 3069 Brummore
1315 3005 1631 3068 dilectum
1712 3005 1776 3067 in
1855 3006 2121 3069 Christo
2197 3005 2403 3068 filium
2485 3006 2882 3088 Magistrum

378 3111 710 3173 Thomam
772 3110 857 3173 de
924 3110 1172 3186 Insula,
1219 3109 1551 3184 clericum,
1597 3109 1680 3172 ad
1746 3120 2133 3191 perpetuam
2201 3111 2405 3192 ipsius
2465 3110 2740 3172 ecclesie
2800 3109 2885 3172 de

379 3213 679 3276 Brochol'
732 3215 1043 3276 vicariam
1108 3213 1454 3277 admisisse
1517 3215 1870 3296 ipsumque
1931 3215 1995 3276 in
2058 3235 2137 3277 ea
2198 3214 2515 3277 canonice
2568 3214 2882 3276 vicarium

378 3327 771 3400 perpetuum
818 3318 1198 3393 instituisse,
1230 3319 1340 3399 qui
1386 3329 1596 3381 totam
1644 3319 1856 3399 ipsam
1898 3319 2244 3381 ecclesiam
2280 3317 2531 3381 tenebit
2564 3317 2883 3398 quamdiu

377 3422 637 3496 vixerit,
700 3420 1042 3483 reddendo
1105 3420 1258 3483 inde
1319 3420 1500 3483 dicto
1558 3421 1614 3502 J.
1676 3431 1744 3483 et
1819 3421 2309 3484 successoribus
2386 3422 2520 3482 suis
2581 3421 2883 3501 ejusdem

376 3525 650 3588 ecclesie
703 3525 1002 3607 personis
1056 3524 1223 3588 duas
1280 3546 1534 3588 marcas
1588 3525 1952 3588 annuatim.
2048 3526 2137 3588 Et
2187 3527 2273 3600 in,
2319 3535 2440 3588 ete.
2539 3525 2716 3588 Data
2772 3546 2888 3608 per

379 3649 650 3691 manum
677 3628 1004 3709 Johannis
1028 3627 1113 3691 de
1138 3628 1407 3691 Tanton
1440 3629 1816 3710 cappellani
1850 3628 2028 3709 apud
2053 3627 2445 3710 spaldewic,
2468 3628 2529 3689 vi
2566 3628 2887 3691 kalendas

378 3731 796 3813 Septembris
831 3730 1258 3812 pontificatus
1291 3732 1495 3794 nostri
1530 3752 1707 3793 anno
1741 3753 1847 3792 xv.

554 3938 889 4000 LITTERE
939 3940 1238 4002 PRIORIS
1273 3939 2327 4015 BRUMlx·10RE.——Omnibu5,etc.
2423 3940 2697 4001 Noverit
2747 3941 2886 4001 uni-

373 4042 648 4102 versitas
691 4051 908 4103 vestra
949 4062 1070 4103 nos
1103 4042 1187 4105 de
1226 4062 1552 4104 consensu
1599 4043 1839 4104 Prioris
1880 4052 1947 4104 et
1987 4053 2355 4105 conventus
2380 4041 2465 4104 de
2498 4042 2890 4106 Brummore

372 4144 454 4206 ad
506 4146 1070 4226 presentationem
1103 4145 1325 4208 dilecti
1374 4144 1486 4207 filii
1520 4146 1845 4227 Johannis
1893 4146 2125 4208 VVack’
2159 4167 2437 4229 persone
2483 4147 2759 4209 ecclesie
2805 4146 2889 4210 de

375 4247 678 4310 Brochol’
721 4247 1038 4312 dilectum
1081 4250 1146 4311 in
1182 4248 1449 4312 Christo
1481 4248 1689 4312 filium
1729 4250 2127 4331 Magistrum
2163 4250 2494 4312 Thomam
2524 4251 2608 4314 de
2647 4251 2888 4337 Insula,

371 4361 513 4426 ete„
546 4363 619 4415 ut
651 4372 850 4434 supra
883 4353 946 4415 in
981 4362 1162 4416 carta
1195 4353 1520 4435 proxima.

376 4598 462 4663 [Τ
455 4597 523 4649 lte
544 4597 761 4664 Bishop
776 4598 944 4667 gives
954 4598 1290 4664 permissioni
1321 4598 1445 4650 that
1468 4599 1768 4652 collectivus
1794 4598 2002 4651 should
2017 4599 2078 4651 be
2101 4598 2262 4651 made
2293 4600 2355 4650 in
2379 4598 2469 4651 tlte
2489 4599 2890 4669 archdeacomy

485 4682 598 4749 for
615 4681 705 4732 tlte
725 4680 987 4749 buildiug
1006 4683 1068 4749 os
1099 4681 1385 4750 Saltsbury
1412 4681 1720 4741 CathedraL
1745 4682 1868 4734 and
1877 4688 2083 4750 granis
2103 4699 2138 4733 a
2160 4683 2469 4734 relaxation
2492 4684 2563 4748 of
2581 4700 2648 4733 20
2669 4683 2807 4750 days
2828 4684 2900 4750 of

491 4766 741 4829 penance
762 4766 816 4815 to
836 4762 921 4815 all
939 4763 1067 4814 wlco
1089 4762 1388 4815 contribule
1397 4780 1425 4824 ,·
1462 4764 1573 4816 Oct.
1598 4782 1643 4824 2,
1673 4765 1841 4832 1224]

551 4873 757 4955 Hugo
809 4872 935 4935 Dei
989 4874 1204 4955 gratia
1257 4873 1741 4937 Lincolniensis
1783 4875 2159 4957 Episcopus
2205 4873 2465 4936 dilectis
2507 4875 2573 4935 in
2620 4873 2885 4938 Christo

374 4975 521 5039 filiis
567 4975 1066 5044 ·Archidiacono
1119 4975 1653 5060 Norhamptonie
1713 4987 1781 5041 et
1850 4976 2155 5053 Officiali,
2214 4976 2503 5054 decani5‚
2567 4980 2887 5059 personis,
