3596 5866
672 586 761 655 32
1095 589 1098 591 ’
1371 564 1643 637 Rotulz'
1671 564 1768 635 H
1765 565 2026 658 ugonis
2061 561 2148 635 de
2201 561 2302 634 W
2291 563 2463 635 elles

667 800 889 869 [Robert
916 800 983 853 de
1014 799 1273 863 Esthall',
1298 800 1635 863 sub-deacon,
1651 799 1952 868 presented
1978 800 2043 867 by
2066 798 2323 862 Rteltard,
2350 798 2504 851 Earl
2529 800 2602 867 of
2615 798 2818 852 Poiton
2849 800 2970 852 and
3003 801 3170 853 Corn-

796 883 947 946 wall,
972 899 1040 934 as
1060 882 1300 951 holding
1332 882 1424 935 tlte
1459 882 1623 935 lands
1655 883 1727 951 os
1741 882 1941 935 Robert
1963 882 2145 934 Count
2161 883 2233 945 of
2246 882 2454 945 Dreux,
2479 883 2529 934 is
2560 882 2856 934 instituted
2872 885 3084 949 parson
3107 882 3180 950 os

794 982 829 1016 a
857 965 1089 1033 mediety
1108 966 1180 1033 of
1192 965 1285 1018 the
1305 964 1506 1017 cluae‘clt
1527 966 1601 1033 of
1612 964 1931 1028 Rowsham,
1955 963 2095 1016 void
2109 963 2176 1032 by
2198 964 2289 1017 the
2300 965 2650 1032 prefer-ment
2667 965 2738 1032 of
2750 964 3006 1032 Luciam]

842 1084 1755 1149 ROLLESHAM.—Robertus
1786 1084 1872 1147 de
1921 1084 2218 1161 Esthall',
2249 1083 2714 1161 subdiaconuS,
2747 1094 3167 1167 presentatus

665 1209 782 1271 per
834 1189 929 1265 R.,
972 1188 1304 1253 Comitem
1358 1189 1650 1252 Pictauie
1697 1199 1763 1252 et
1814 1188 2165 1266 Cornubie‚
2213 1189 2468 1253 ratione
2513 1198 2833 1253 terrarum
2893 1189 3165 1253 Roberti

665 1291 947 1357 Comitis
982 1293 1349 1356 Drocarum
1384 1293 1450 1356 in
1477 1313 1677 1356 manu
1704 1315 1825 1358 sua
1855 1293 2310 1370 existentium,
2329 1292 2415 1357 ad
2443 1292 2871 1358 medietatem
2892 1293 3166 1357 ecclesie

663 1397 750 1461 de
785 1397 1190 1474 Rollesham,
1220 1409 1568 1462 vacantem
1601 1419 1683 1461 eo
1713 1398 1893 1480 quod
1946 1398 2279 1461 Lucianus
2325 1398 2562 1460 ultimo
2608 1408 2821 1462 rector
2865 1396 3163 1478 ejusdem

664 1501 963 1565 beneficii
996 1501 1176 1566 aliud
1208 1500 1496 1579 admisit,
1526 1502 1631 1565 cui
1678 1523 1835 1566 cura
1880 1503 2252 1565 animarum
2299 1512 2400 1566 est
2447 1522 2733 1577 annexa,
2764 1501 2941 1566 sacta
2987 1502 3166 1584 prius

664 1605 1088 1687 inquisitione
1148 1625 1266 1687 per
1321 1605 1422 1683 Α.,
1488 1605 2050 1669 Archidiaconum
2115 1604 2360 1681 Oxon’,
2420 1625 2538 1695 per
2597 1625 2820 1686 quam,
2878 1615 3021 1679 ete„
3079 1604 3163 1669 ad

663 1707 946 1772 eandem
968 1707 1298 1773 admissus
1322 1720 1425 1774 est
1455 1731 1468 1785 ;
1515 1720 1583 1773 et
1616 1709 2010 1773 mandatum
2037 1719 2138 1772 est
2162 1708 2381 1773 eidem
2410 1707 2906 1773 Archidiacono
2928 1718 3018 1786 ut,
3043 1718 3163 1774 etc,

661 1902 943 1972 [W'lliam
988 1904 1055 1957 de
1099 1904 1263 1968 Dun',
1309 1904 1646 1964 snb-deacon‚
1671 1904 1969 1972 presented
2004 1904 2071 1973 by
2103 1905 2194 1956 the
2226 1904 2402 1957 Prior
2429 1905 2500 1972 of
2525 1903 2617 1957 tlte
2660 1903 2932 1971 Hospita!
2958 1904 3031 1972 of
3061 1904 3167 1971 [St.

779 1986 938 2052 John
953 1988 1051 2055 of]
1063 1987 1393 2053 Jerusalem
1418 1988 1467 2040 is
1487 1987 1780 2041 instituted
1796 1991 2011 2055 parson
2033 1988 2105 2056 os
2126 1986 2440 2056 Westwell.]

836 2106 1789 2190 WESTIWELLE.—Magister
1850 2107 2225 2171 Willelmus
2286 2107 2372 2170 de
2451 2106 2647 2184 Dun',
2705 2106 3168 2184 subdiaconuS,

661 2219 1080 2293 presentatus
1156 2230 1274 2293 per
1352 2210 1643 2275 Priorem
1718 2210 2092 2293 Hospitalis
2166 2210 2534 2292 Jerusalem
2612 2211 2677 2274 in
2757 2210 3007 2293 Anglia
3082 2211 3165 2275 ad

660 2313 1008 2377 ecclesiam
1062 2313 1148 2377 de
1197 2314 1574 2392 Westwell',
1620 2314 1796 2378 sacta
1843 2315 2022 2397 prius
2070 2314 2500 2396 inquisitione
2532 2334 2650 2396 per
2683 2314 2784 2391 Α.,
2818 2313 3166 2377 Archidia-

661 2438 903 2482 conum
954 2416 1179 2482 Oxon'
1226 2438 1344 2500 per
1387 2439 1608 2500 quam,
1653 2427 1792 2496 etc.,
1841 2418 1926 2482 ad
1977 2417 2261 2482 eandem
2317 2417 2649 2481 admissus
2696 2427 2817 2494 est,
2862 2428 2984 2481 ete.
3078 2417 3166 2481 Et

664 2520 1034 2602 injunctum
1067 2531 1169 2585 est
1199 2521 1418 2585 eidem
1454 2522 1950 2585 Archidiacono
1982 2522 2271 2605 presenti
2306 2531 2396 2595 ut,
2426 2531 2548 2584 ete.
2606 2515 2611 2520 ’

663 2741 953 2809 [Nicltolas
984 2741 1051 2794 de
1082 2742 1405 2805 Wrocstane,
1430 2742 1764 2804 sub-deacon.
1780 2742 2078 2810 presented
2103 2742 2168 2810 by
2191 2742 2445 2795 Michael
2463 2741 2628 2804 Belet,
2664 2741 2730 2807 by
2760 2757 2952 2794 reason
2986 2741 3059 2809 os
3080 2742 3170 2794 tlte

792 2823 1082 2891 wardship
1114 2824 1185 2891 of
1207 2824 1299 2877 the
1333 2823 1476 2877 land
1491 2824 1613 2878 and
1630 2824 1754 2877 heir
1771 2826 1843 2893 os
1856 2824 2044 2892 Ralph
2078 2824 2145 2877 de
2180 2824 2528 2892 Brongltton,
2565 2825 2614 2876 is
2647 2824 2939 2876 instituted
2956 2826 3169 2890 parson

789 2906 861 2974 of
873 2905 1220 2975 Brougltton,
1247 2921 1387 2960 near
1404 2905 1708 2976 Banbmy.]

839 3025 1694 3090 BROCTON'.—Nicholaus
1740 3025 1826 3089 de
1876 3025 2368 3110 Wrocst[ane],
2407 3025 2873 3103 subdiaconuS,
2905 3046 3169 3108 presen-

664 3140 845 3194 tatus
895 3150 1012 3212 per
1062 3130 1452 3211 magistrum
1507 3130 1908 3194 Michaelem
1965 3130 2156 3195 Belet
2207 3132 2463 3195 ratione
2523 3130 2825 3194 custodie
2878 3141 3051 3194 terre
3101 3141 3170 3194 et

666 3233 926 3298 heredis
975 3233 1241 3297 Radulfi
1273 3233 1360 3298 de
1407 3234 1716 3299 Brocton'
1748 3234 1836 3298 ad
1881 3234 2230 3299 ecclesiam
2277 3234 2364 3299 de
2412 3234 2737 3311 Brocton',
2768 3233 2943 3298 sacta
2989 3234 3169 3316 prius

664 3338 1089 3420 inquisitione
1112 3357 1229 3420 per
1250 3337 1351 3414 Α.,
1373 3337 1939 3401 Archidiaconum
1967 3336 2211 3415 Oxon',
2232 3359 2348 3422 per
2377 3357 2598 3420 quam,
2617 3348 2758 3414 etc„
2779 3336 2864 3400 ad
2884 3336 3166 3401 eandem

665 3440 995 3506 admissus
1025 3451 1146 3518 est,
1174 3450 1297 3505 ete.
1392 3441 1482 3505 Et
1515 3440 1887 3522 injunctum
1933 3452 2036 3505 est
2082 3442 2300 3506 eidem
2337 3441 2835 3505 Archidiacono
2880 3442 3169 3524 presenti

665 3553 757 3622 ut,
786 3555 909 3609 etc.

837 3734 975 3820 [On
1006 3735 1112 3799 the
1138 3735 1325 3799 dorse
1347 3734 1480 3819 :—]

666 3869 872 3938 [Isabel
888 3869 958 3922 de
980 3868 1219 3931 Henred,
1246 3869 1469 3938 leaving
1490 3870 1616 3923 been
1639 3870 1841 3924 eleded
1859 3870 2110 3924 Pn'oress
2130 3871 2202 3939 of
2210 3869 2504 3940 Sandsord
2518 3871 2901 3938 (Littlemore).
2934 3870 3174 3924 Thomas

791 3952 860 4007 de
881 3951 1184 4020 Sandfoed
1210 3951 1301 4004 the
1311 3956 1535 4019 patron,
1561 3952 1784 4021 having
1804 3953 1925 4006 also
1940 3954 2119 4021 given
2143 3953 2232 4006 lais
2255 3959 2488 4017 consent,
2513 3955 2563 4006 is
2584 3953 2909 4022 instituted]

843 4072 1712 4136 LITTLEMORE.—-Isabela
1771 4073 1858 4137 de
1923 4072 2217 4150 Henred,
2265 4074 2570 4137 monialis
2631 4073 2716 4136 de
2778 4073 3171 4150 Saumsord',

664 4177 877 4241 electa
936 4196 1054 4259 per
1111 4186 1512 4240 conventum
1575 4176 1877 4258 ejusdem
1941 4178 2066 4240 loci
2127 4178 2545 4242 concorditer
2603 4188 2672 4241 et
2724 4178 3043 4242 canonice
3103 4177 3168 4240 in

667 4280 1053 4345 Priorissam
1084 4279 1170 4345 de
1203 4280 1598 4357 Saumsord',
1633 4280 1808 4344 sacta
1840 4281 2021 4363 prius
2066 4281 2494 4363 inquisitione
2541 4302 2658 4365 per
2692 4282 2790 4358 R.,
2822 4280 3171 4344 Archidia-

667 4405 910 4448 conum
967 4383 1325 4448 Leicestrie
1376 4394 1443 4449 et
1502 4384 1587 4448 H.
1640 4386 1932 4449 Priorem
1982 4384 2273 4466 Osneye,
2306 4386 2798 4449 Archidiacono
2845 4384 3071 4450 Oxon’
3104 4384 3169 4447 in

668 4489 941 4553 remotis
971 4496 1130 4552 tunc
1161 4497 1421 4570 agente,
1452 4497 1521 4553 et
1553 4489 1934 4553 Thema-de
1983 4490 2360 4555 Saumsord’
2394 4502 2681 4573 patrono
2727 4511 2919 4554 suum
2967 4489 3054 4554 ad
3102 4488 3167 4552 id

668 4592 1030 4658 adhibente
1081 4612 1499 4670 consensum,
1529 4613 1647 4675 per
1691 4614 1840 4675 que,
1884 4603 2025 4670 ete„
2079 4594 2371 4658 admissa
2424 4606 2526 4659 est
2594 4605 2663 4658 et
2715 4594 3172 4676 sollempniter

670 4698 992 4772 instituta,
1021 4705 1090 4760 et
1122 4696 1512 4761 mandatum
1545 4708 1648 4761 est
1681 4697 2176 4762 Archidiacono
2210 4698 2436 4764 Oxon'
2461 4700 2639 4782 quod
2673 4702 2844 4763 circa
2879 4699 3171 4762 installa-

670 4803 920 4867 tionem
972 4801 1177 4882 ipsius
1224 4800 1404 4882 quod
1455 4822 1648 4865 suum
1698 4810 1802 4865 est
1853 4812 2245 4884 exequatur,
2284 4802 2639 4887 injungens
2687 4805 3043 4868 conventui
3103 4813 3171 4867 et

670 4906 815 4969 aliis
863 4903 1162 4985 ejusdem
1210 4903 1449 4967 domus
1496 4904 1676 4986 quod
1725 4905 1849 4987 ipsi
1903 4906 1968 4982 1.‚
2010 4916 2330 4988 tanquam
2390 4908 2704 4971 Priorisse
2742 4928 2877 4985 sue,
2923 4908 3056 4970 sint
3102 4908 3168 4969 in

670 5020 1007 5092 posterum
1043 5008 1466 5073 intendentes
1497 5019 1565 5072 et
1596 5008 2000 5075 obedientes,

1686 5224 1842 5419 Za
1882 5277 2046 5381 m.

1684 5485 1901 5634 ψεῖ
1951 5467 2098 5742 >ff
