3596 5866
1153 554 1231 625 E
1215 555 1466 649 piscop
1473 553 1508 624 ἱ
1537 554 1603 624 L
1615 554 2100 625 incolniensis.
2791 577 2825 623 2
2835 576 2879 642 4
2891 573 2926 644 5

417 788 560 851 [The
585 788 796 865 Bishop
824 790 1082 856 appointr
1109 794 1223 841 two
1251 790 1703 857 representatives
1732 796 1785 842 to
1818 795 1908 841 act
1925 806 1989 841 as
2028 788 2116 841 his
2139 792 2529 856 sequestrator-s
2560 788 2622 840 in
2652 786 2742 839 tlte
2773 788 2929 840 arch-

548 872 817 939 deacomy
837 872 909 938 of
921 871 1374 939 Northampton]

602 991 684 1053 H.
722 991 846 1054 Dei
879 993 1094 1073 gratia
1131 992 1613 1055 Lincolniensis
1650 994 2004 1074 episcopus
2036 991 2294 1055 dilectis
2344 992 2405 1053 in
2442 990 2710 1055 Christo
2760 990 2925 1065 filiis,

417 1094 790 1169 abbatibus,
841 1095 1185 1175 prioribus,
1231 1095 1519 1171 decaniS,
1570 1082 1886 1177 personiS,
1936 1095 2208 1170 vicariiS,
2262 1094 2622 1176 capellanis
2668 1104 2734 1156 et
2782 1094 2925 1156 aliis

417 1219 534 1280 per
564 1198 1177 1261 archidiaconatum
1215 1198 1273 1261 N
1281 1199 1749 1282 orhamptonie
1782 1198 2160 1262 constitutis
2193 1197 2474 1260 salutem
2511 1198 2574 1259 in
2612 1197 2922 1260 Domino,

420 1301 756 1364 Noveritis
786 1302 966 1383 quod
991 1301 1272 1365 dilectos
1306 1302 1491 1378 filios,
1518 1302 1929 1366 Willelmum
1955 1301 2282 1366 decanum
2305 1301 2391 1364 de
2428 1301 2924 1384 Erningworde,

415 1416 482 1469 et
542 1405 919 1487 Philippum
971 1405 1056 1469 de
1106 1406 1444 1481 Sideham,
1475 1407 1914 1489 capellanum,
1948 1417 2404 1489 procuratores
2459 1417 2721 1469 nostros
2768 1427 2921 1468 con-

415 1508 753 1571 stituimus
784 1508 869 1570 ad
896 1508 1346 1591 recipiendum
1380 1520 1447 1572 et
1468 1510 2000 1586 custodiendum,
2024 1509 2342 1592 quamdiu
2367 1510 2558 1572 nobis
2585 1509 2922 1592 placuerit,

414 1623 758 1693 sequestra
790 1622 1015 1675 nostra
1046 1612 1130 1675 de
1161 1613 1701 1676 archidiaconatu
1738 1613 2286 1696 Norhamptonie.
2384 1614 2458 1676 In
2493 1612 2681 1694 cujus
2711 1625 2833 1677 etc.

416 1990 632 2123 [Graltltrt
640 1996 704 2124 lto
726 1990 818 2141 tlz]e
839 1990 1211 2060 Hospimllers
1249 1992 1320 2058 of
1345 2008 1381 2043 a
1405 1992 1639 2058 pension
1662 1993 1733 2059 os
1759 2009 1824 2056 40
1846 1991 2115 2059 sltillings
2137 2008 2172 2043 a
2183 2006 2329 2059 year
2341 1992 2502 2060 from
2527 1990 2618 2043 tlte
2639 1990 2838 2043 clturclt
2863 1992 2934 2058 of

608 2089 640 2124 ο
662 2077 779 2124 cott.

591 2190 926 2255 Omnibus
956 2203 1077 2255 etc.
1175 2193 1451 2256 Noverit
1486 2194 1876 2256 universitas
1917 2204 2134 2256 vestra
2181 2192 2359 2274 quod
2393 2213 2543 2254 cum
2577 2192 2800 2254 dilecti
2851 2193 2915 2254 in

416 2295 683 2358 Christo
733 2295 917 2378 Prior
961 2306 1029 2359 et
1084 2296 1315 2360 fratres
1365 2296 1736 2378 Hospitalis
1782 2296 2148 2377 Jerusalem
2203 2297 2266 2358 in
2316 2296 2581 2378 Anglia,
2621 2296 2924 2359 instituta

415 2419 638 2460 coram
697 2399 888 2461 nobis
942 2401 1204 2462 actione
1259 2421 1456 2482 super
1504 2401 1798 2481 quinque
1851 2401 2088 2463 marcis
2143 2420 2309 2481 quas
2358 2399 2442 2462 de
2495 2400 2773 2462 ecclesia
2834 2398 2919 2462 de

423 2501 769 2579 Holecote,
800 2502 989 2585 cujus
1020 2503 1104 2565 ad
1150 2504 1328 2585 ipsos
1377 2514 1676 2585 spectare
1723 2502 2092 2566 dinoscitur
2122 2502 2491 2579 advocatiO,
2522 2503 2745 2566 deberi
2794 2503 2917 2565 sibi

415 2605 816 2681 asserebant,
850 2607 913 2668 in
949 2608 1337 2671 intentionis
1368 2629 1484 2671 sue
1519 2608 1911 2689 probatione
1945 2608 2206 2689 penitus
2238 2606 2651 2681 defecissent,
2685 2627 2806 2668 nos
2837 2605 2922 2669 de

417 2730 743 2771 consensu
791 2721 858 2773 et
907 2711 1250 2774 voluntate
1295 2711 1689 2774 dilectorum
1739 2709 2023 2773 filiorum
2082 2710 2183 2773 W.
2238 2711 2489 2772 Decani
2538 2720 2604 2772 et
2651 2709 2923 2791 capituli

418 2814 625 2876 nostri
680 2813 976 2876 Lincoln'
1025 2816 1429 2878 concessisse
1475 2826 1541 2877 et
1588 2814 1854 2877 dedisse
1903 2814 2126 2877 divine
2174 2814 2440 2896 pietatis
2491 2815 2731 2876 intuitu
2782 2833 2923 2895 pre-

417 2915 614 2979 dictis
649 2917 853 2979 Priori
887 2927 954 2980 et
990 2916 1298 2981 fratribus
1333 2919 1402 2981 xl
1438 2918 1687 2982 solidos
1735 2939 1994 2980 annuos
2040 2917 2125 2981 de
2155 2917 2434 2981 ecclesia
2467 2916 2763 3000 predicta
2811 2929 2929 2999 per

419 3041 693 3084 manum
731 3020 999 3084 Radulfi
1025 3022 1415 3086 Cirencestr'
1433 3022 1733 3103 ejusdem
1756 3021 2037 3085 ecclesie
2069 3023 2358 3095 rectoris,
2377 3032 2444 3084 et
2468 3042 2920 3084 successorum

418 3146 685 3187 suorum
732 3126 845 3206 qui
881 3146 999 3206 pro
1041 3137 1345 3208 tempore
1380 3126 1637 3200 fuerint,
1671 3126 1943 3188 nomine
1977 3126 2274 3207 perpetui
2311 3123 2609 3187 beneficii
2646 3126 2924 3206 percipi-

419 3229 630 3292 endos
664 3229 728 3291 in
777 3229 1039 3292 duobus
1073 3231 1227 3292 anni
1278 3231 1596 3304 terminiS,
1642 3229 1892 3292 scilicet
1930 3230 1992 3290 in
2037 3228 2207 3291 festo
2253 3229 2462 3290 sancti
2518 3228 2789 3291 Martini
2825 3251 2921 3291 xx

416 3332 665 3395 solidos
684 3344 753 3396 et
776 3333 841 3396 in
867 3334 1286 3398 Pentechost'
1315 3354 1410 3395 xx
1439 3333 1726 3409 solidos;
1760 3332 1961 3395 salvis
1980 3342 2101 3395 ete.
2195 3331 2395 3414 Quod
2432 3342 2502 3394 ut
2536 3342 2922 3414 perpetuam

417 3436 719 3519 optineat
781 3436 1160 3500 firmitatem
1216 3438 1502 3520 presenti
1567 3438 1815 3519 scripto
1865 3437 2151 3519 sigillum
2217 3446 2516 3498 nostrum
2582 3455 2712 3498 una
2772 3457 2923 3498 cum

418 3538 635 3622 sigillo
683 3539 961 3622 predicti
1009 3541 1281 3623 capituli
1336 3542 1540 3604 nostri
1593 3540 1916 3603 duximus
1971 3538 2467 3622 apponendum,
2518 3539 2798 3601 testibus
2858 3550 2924 3602 et

417 3642 576 3705 data
627 3653 699 3705 ut
749 3645 815 3705 in
879 3654 1062 3707 carta
1122 3644 1206 3707 de
1271 3644 1613 3707 Ellesham
1675 3653 1742 3706 et
1804 3641 1889 3706 de
1950 3642 2314 3706 Torkeseia
2362 3640 2447 3704 de
2494 3641 2787 3704 ecclesiis
2841 3642 2925 3704 de

421 3745 787 3829 Kynereby
832 3758 899 3810 et
949 3746 1034 3810 de
1083 3747 1512 3812 Snarteforde
1557 3759 1625 3811 et
1671 3747 1756 3810 de
1809 3746 2211 3829 Wykingeb’
2267 3746 2332 3808 in
2383 3743 2921 3807 archidiaconatu

421 3857 782 3921 Lincolnie.

609 4064 746 4148 [On
779 4067 1210 4150 theface.-]
1405 4154 1686 4219 ANNUS
1732 4167 1943 4217 xxm.

415 4284 561 4350 [The
583 4284 894 4338 institution
918 4286 988 4354 os
1006 4286 1256 4355 Geoffrey
1277 4287 1344 4341 de
1365 4286 1696 4355 Helpestone
1718 4293 1772 4340 to
1795 4287 1886 4339 tlte
1918 4287 2180 4353 vicarage
2210 4287 2280 4352 of
2304 4284 2606 4353 Hclpstouc
2620 4303 2645 4347 ,·
2668 4285 2806 4352 Jan.
2842 4303 2918 4353 13,

546 4384 674 4432 1232
687 4382 714 4425 ,·
744 4382 828 4418 see
839 4370 901 4433 p.
929 4368 1065 4433 zon]

595 4486 657 4548 H
670 4500 1050 4551 ELPESTON
1062 4488 1549 4553 E.—Omnibus
1581 4501 1702 4552 etc.
1800 4489 2075 4552 Noverit
2123 4489 2515 4551 universitas
2546 4500 2765 4552 vestra
2797 4511 2919 4554 nos

416 4593 499 4655 ad
558 4592 1121 4673 presentationem
1173 4593 1449 4656 Walteri
1497 4594 1581 4656 de
1631 4594 1846 4675 Burg’,
1894 4613 2172 4675 persone
2217 4592 2492 4655 ecclesie
2532 4592 2619 4656 de
2673 4594 2917 4676 Helpe-

416 4707 627 4771 stone,
678 4695 922 4758 factam
985 4695 1070 4759 de
1131 4718 1402 4760 assensu
1469 4697 1715 4780 Rogeri
1772 4696 1884 4759 filii
1952 4697 2222 4778 Pagani,
2277 4697 2535 4778 patroni
2598 4696 2917 4777 ejusdem,

413 4799 732 4863 dilectum
766 4800 832 4862 in
868 4799 1134 4863 Christo
1181 4799 1389 4864 filium
1438 4800 1812 4864 Galfridum
1861 4801 1946 4863 de
1999 4800 2433 4882 Helpestone,
2479 4801 2916 4883 capellanum,

413 4902 497 4965 ad
548 4913 940 4985 perpetuam
990 4902 1194 4985 ipsius
1244 4905 1519 4968 ecclesie
1568 4906 1878 4968 vicariam
1926 4904 2275 4967 admisisse
2325 4905 2675 4986 ipsumque
2723 4905 2787 4967 in
2834 4926 2916 4968 ea

412 5006 731 5070 canonice
785 5007 1103 5069 vicarium
1155 5019 1550 5090 perpetuum
1605 5008 1968 5072 instituisse
2018 5028 2168 5071 cum
2232 5028 2433 5071 onere
2497 5007 2912 5072 ministrandi
