3596 5866
686 601 831 673 310
1386 578 1653 657 Rolulz'
1683 579 2036 682 Hugonz's
2088 581 2175 657 de
2229 581 2489 658 Welles

687 821 860 884 sacta
883 822 1062 906 prius
1087 823 1512 904 inquisitione
1538 845 1655 906 per
1681 824 1778 900 R.,
1806 823 2372 887 Archidiaconum
2400 824 2806 900 Leircestrie,
2826 835 2892 888 et
2918 825 3186 888 Abbate

683 925 769 988 de
818 926 1031 989 Becco
1062 926 1349 1008 sigillum
1392 948 1586 990 suum
1622 927 1857 991 litteris
1905 928 2353 1010 resignatoriis
2384 928 2544 992 dicti
2595 928 2862 991 Ricardi
2904 929 2969 991 in
3004 931 3186 992 testi·

685 1029 982 1092 monium
1023 1041 1423 1112 apponente,
1457 1052 1573 1113 per
1617 1052 1764 1113 que,
1794 1041 1937 1107 etc„
1969 1030 2055 1094 ad
2100 1030 2406 1107 eandem,
2437 1042 2558 1094 etc.
2656 1032 2747 1093 Et
2793 1032 3186 1095 mandatum

682 1141 783 1194 est
829 1132 1011 1195 dicto
1046 1133 1538 1196 Archidiacono
1585 1145 1674 1211 ut,
1705 1145 1827 1198 etc.
1928 1135 2028 1198 lta
2075 1144 2299 1197 tamen
2347 1135 2527 1217 quod
2574 1134 2857 1198 ecclesia
2890 1134 3189 1217 predicta

685 1256 801 1317 per
821 1236 1131 1298 idoneum
1167 1238 1583 1319 capellanum
1610 1237 1694 1301 de
1720 1238 1912 1301 bonis
1937 1237 2212 1302 ecclesie
2238 1237 2639 1301 sufficienter
2657 1237 3189 1312 sustentandum,

682 1340 851 1403 sicut
882 1341 1193 1418 decuerit,
1217 1341 1557 1405 officietur.

1675 1585 1955 1649 ANNUS
1989 1579 2201 1648 xx1⁰⁸.

679 1708 858 1777 [Gists
879 1714 932 1762 to
954 1709 1044 1762 tlte
1066 1708 1221 1761 altar
1231 1709 1302 1775 of
1315 1709 1395 1761 St.
1422 1708 1607 1776 Alary,
1633 1709 1933 1776 Redmile.]

856 1820 970 1883 DE
1002 1834 1277 1884 ALTARI
1314 1819 1618 1885 SANCTE
1670 1821 1926 1883 MARIE
1959 1836 2160 1886 APUD
2206 1822 3065 1903 RE1)M1L1)E.—-Johannes
3101 1822 3188 1886 de

679 1907 1017 2006 Guiptone
1067 1923 1349 1986 contulit
1400 1924 1548 1986 Deo
1583 1934 1650 1987 et
1689 1924 1880 1987 altari
1931 1925 2178 1990 Sancte
2237 1925 2447 1987 Marie
2497 1925 2583 1988 de
2632 1925 2966 1988 Redmild'
3014 1925 3186 1988 duos

676 2027 983 2090 selliones
1004 2027 1067 2089 in
1090 2028 1417 2090 territorio
1436 2027 1521 2090 de
1544 2028 1956 2091 Redmild’in
1979 2049 2211 2111 puram
2235 2038 2303 2092 et
2325 2039 2711 2111 perpetuam
2734 2029 3185 2091 elemosinam.

682 2130 1003 2193 Ricardus
1031 2130 1090 2193 le
1116 2130 1375 2193 Palmer
1398 2130 1583 2194 dedit
1607 2132 1788 2194 dicto
1814 2133 2002 2196 altari
2038 2133 2585 2195 unambovatam
2620 2144 2790 2196 terre
2814 2154 2962 2196 cum
2994 2145 3187 2216 prato

675 2244 742 2297 et
775 2255 1023 2317 pascuo
1056 2236 1122 2297 in
1154 2235 1485 2298 territorio
1515 2234 1600 2297 de
1636 2235 1986 2299 Redmild’.
2081 2237 2402 2302 Similiter
2423 2236 2798 2299 Willelmus
2831 2235 2916 2298 de
2949 2237 3012 2298 la
3046 2236 3188 2298 Tur

676 2349 807 2402 tres
839 2339 1147 2402 selliones
1181 2340 1244 2401 in
1280 2340 1516 2402 eodem
1547 2340 1892 2402 territorio.
1990 2342 2308 2423 RogeruS,
2332 2340 2503 2403 filius
2539 2341 2814 2403 Roberti
2843 2338 3186 2421 capellani,

678 2462 882 2504 unum
946 2442 1288 2505 sellionem
1354 2444 1417 2505 in
1480 2444 1717 2507 eodem
1781 2447 2126 2508 territorio,
2247 2446 2550 2526 Rogerus
2598 2444 2683 2507 de
2737 2444 2952 2506 Hotot
3014 2443 3184 2505 duos

676 2546 986 2609 selliones
1019 2547 1083 2609 in
1131 2546 1369 2609 eodem
1419 2549 1763 2610 territorio,
1858 2549 2184 2614 Osbertus
2232 2549 2558 2631 Caynhou
2593 2569 2801 2611 unum
2836 2532 3178 2610 sell‘ionem

678 2651 740 2712 in
789 2650 1028 2712 eodem
1084 2651 1427 2713 territorio
1548 2652 1873 2715 Ricardus
1920 2652 1982 2715 le
2040 2654 2302 2717 Palmer
2356 2674 2558 2716 unam
2617 2672 2839 2715 acram
2900 2663 3069 2714 terre
3117 2652 3182 2711 in

675 2753 913 2817 eodem
941 2754 1291 2816 territorio,
1383 2754 1725 2836 Johannes
1759 2756 1819 2819 le
1843 2757 2018 2819 Petit
2050 2777 2251 2819 unam
2285 2776 2505 2818 acram
2541 2765 2711 2818 terre
2740 2765 2807 2817 et
2840 2754 3186 2816 dimidiam

675 2867 743 2921 et
776 2877 977 2920 unam
1013 2856 1244 2920 rodam
1281 2858 1345 2920 in
1379 2857 1615 2921 eodem
1651 2861 1994 2922 territorio,
2088 2859 2463 2922 Willelmus
2483 2859 2871 2942 capellanus
2895 2868 3185 2941 quatuor

676 2961 984 3025 selliones
1046 2971 1217 3025 terre
1280 2963 1343 3026 in
1406 2962 1644 3026 eodem
1708 2966 2053 3028 territorio,
2162 2964 2540 3027 Willelmus
2601 2964 2660 3026 le
2727 2963 2988 3026 Palmer
3048 2973 3181 3026 tres

676 3066 983 3130 selliones
1031 3076 1202 3130 terre
1237 3067 1300 3129 in
1334 3067 1573 3130 eodem
1622 3068 1966 3131 territorio
2061 3068 2382 3150 RogeruS,
2416 3067 2587 3130 filius
2632 3067 2976 3149 JohanniS,
3010 3066 3184 3129 duos

677 3171 986 3233 selliones
1032 3179 1203 3234 terre
1252 3171 1317 3233 in
1365 3171 1603 3235 eodem
1650 3172 1996 3235 territorio,
2112 3172 2497 3255 Stephanus
2543 3171 2628 3234 de
2683 3171 2747 3234 la
2793 3171 2934 3234 Tur
2980 3190 3181 3233 unam

678 3273 908 3336 rodam
952 3283 1123 3336 terre
1164 3275 1229 3337 in
1275 3274 1511 3338 eodem
1555 3275 1898 3339 territorio.
1992 3274 2331 3339 Galfridus
2361 3285 2428 3337 et
2465 3274 2727 3337 Alanus
2766 3273 2851 3336 de
2900 3273 3185 3338 Starvile

679 3386 813 3439 tres
848 3376 1044 3439 rodas
1078 3378 1142 3440 in
1174 3378 1412 3441 eodem
1447 3379 1792 3442 territorio,
1889 3379 2212 3460 Magister
2245 3378 2621 3441 Willelmus
2651 3376 2736 3440 de
2770 3376 3187 3440 Botlesforde

676 3491 832 3544 octo
881 3503 1066 3545 acras
1122 3492 1188 3545 et
1232 3482 1581 3545 dimidiam
1623 3504 1843 3546 acram
1902 3484 2072 3566 prati
2123 3484 2188 3545 in
2244 3484 2572 3547 territorio
2616 3482 2702 3545 de
2754 3481 3184 3545 Botlessorde.

679 3586 1029 3663 HenricuS‚
1057 3585 1228 3649 filius
1258 3587 1452 3663 Petri,
1471 3587 1639 3650 duas
1663 3608 1849 3650 acras
1876 3588 2128 3650 terrein
2148 3586 2386 3650 eodem
2409 3588 2754 3650 territorio,
2844 3586 3186 3668 Johannes

672 3690 757 3753 de
792 3690 1159 3755 Saxendal‘
1193 3711 1397 3753 unum
1441 3692 1782 3755 sellionem
1833 3704 2004 3754 terre
2050 3693 2114 3755 in
2163 3691 2398 3756 eodem
2449 3691 2793 3754 territorio
2886 3691 3184 3753 Thomas

673 3792 757 3855 de
803 3793 1164 3857 Newerche
1216 3816 1420 3857 unum
1472 3795 1816 3858 sellionem
1870 3796 1934 3857 in
1983 3796 2221 3858 eodem
2276 3795 2621 3859 territorio
2718 3794 3051 3857 Robertus
3098 3793 3185 3857 de

675 3895 1019 3960 Offintone
1042 3897 1210 3960 duos
1237 3898 1542 3962 selliones
1574 3910 1744 3962 terre
1777 3899 1842 3960 in
1871 3899 2200 3961 territorio
2219 3899 2304 3962 de
2329 3897 2677 3961 Redmild'.
2773 3898 3184 3980 Reginaldus

673 4000 758 4063 de
802 4001 1127 4083 Makesey
1171 4022 1375 4064 unum
1420 4002 1760 4065 sellionem
1804 4012 1974 4065 terre
2007 4003 2072 4065 in
2121 4002 2358 4066 eodem
2408 4003 2752 4064 territorio
2847 4002 3180 4063 Dominus

675 4103 1049 4167 Willelmus
1094 4105 1179 4167 de
1228 4105 1585 4169 Albiniaco
1630 4117 1906 4188 quartus
1954 4127 2153 4169 unam
2203 4106 2516 4169 bovatam
2567 4116 2737 4168 terre
2783 4125 2934 4167 cum
2991 4115 3184 4187 prato

673 4207 758 4270 de
789 4207 1127 4270 dominico
1166 4229 1287 4270 suo
1322 4220 1388 4271 et
1430 4230 1746 4291 pascuum
1792 4210 1856 4270 in
1902 4208 2139 4272 eodem
2184 4210 2530 4284 territori0‚
2562 4219 2629 4271 et
2661 4208 2795 4270 duo
2829 4208 3187 4289 mesuagia‚

673 4331 951 4393 quorum
1022 4310 1395 4374 willelmus
1457 4311 1517 4373 le
1581 4311 1826 4374 Breton
1888 4322 2069 4374 tenet
2133 4333 2336 4373 unum
2402 4312 2466 4373 in
2531 4311 2727 4374 feodo
2795 4332 2915 4394 pro
2975 4311 3185 4374 tribus

673 4414 918 4489 solidis,
950 4424 1015 4477 et
1062 4414 1240 4477 aliud
1291 4415 1702 4496 mesuagium
1753 4424 1936 4476 tenet
1981 4414 2275 4477 Ywanus
2313 4414 2397 4477 de
2440 4414 2652 4477 Altari
2704 4415 2766 4476 in
2821 4415 3018 4477 feudo
3066 4436 3185 4497 pro

673 4519 935 4581 duobus
981 4518 1208 4580 solidis
1246 4528 1311 4581 et
1350 4517 1611 4580 duobus
1643 4517 1946 4580 denariis.
2041 4517 2358 4581 Gamelus
2403 4517 2498 4598 xij
2536 4519 2844 4582 denarios
2887 4518 3184 4583 redditus

676 4625 741 4686 in
788 4622 1022 4686 eadem
1072 4623 1227 4687 villa
1274 4624 1358 4686 de
1408 4622 1756 4685 Redmild'.
1854 4624 2186 4686 Robertus
2237 4623 2321 4686 de
2375 4623 2678 4686 Lentone
2726 4632 2881 4685 octo
2936 4624 3185 4687 solidos

676 4729 970 4792 redditus
1034 4730 1097 4791 in
1162 4729 1315 4791 villa
1374 4730 1459 4791 de
1524 4729 1887 4792 Lincolnia.
1984 4730 2315 4793 Robertus
2365 4730 2449 4792 de
2506 4729 2850 4794 Offintone
2900 4740 3185 4811 quatuor

672 4834 979 4896 denarios
1022 4834 1317 4897 redditus
1368 4835 1430 4896 in
1466 4834 1621 4897 villa
1652 4835 1737 4897 de
1788 4834 2136 4898 Redmild'.
2230 4835 2480 4898 Omnia
2527 4833 2824 4917 predicta
2857 4834 3181 4896 dederunt

671 4958 905 4999 omnes
968 4938 1242 5019 predicti
1306 4938 1612 5000 homines
1673 4939 1861 5000 altari
1929 4939 2175 5002 Sancte
2247 4940 2456 5001 Marie
2528 4939 2917 5011 Karitative‚
2972 4949 3038 5000 ct
3098 4938 3183 4999 de

672 5041 970 5122 quolibet
1001 5042 1323 5104 donatore
1362 5041 1565 5104 habet
1595 5042 1908 5104 dominus
1944 5042 2318 5105 willelmus
2357 5042 2443 5104 de
2487 5042 2867 5123 Albyniaco
2907 5051 3180 5123 quartus
