3596 5866
706 590 849 656 260
1345 574 1350 579 ⁴
1391 577 1661 652 Rotulz'
1694 578 2045 673 Hugonis
2094 578 2182 650 de
2247 577 2510 651 Welles

704 822 953 887 familia
984 841 1104 884 sua
1134 821 1340 884 octies
1372 840 1488 903 per
1519 837 1771 881 annum
1808 817 2149 880 matricem
2182 817 2534 881 ecclesiam
2567 817 2954 893 visitabunt,
2986 817 3210 882 divina

705 926 949 990 ibidem
1013 925 1317 999 audituri,
1372 923 1678 986 videlicet
1730 921 1842 984 die
1898 921 2159 984 Natalis
2212 921 2509 997 Domini,
2564 920 2673 985 die
2729 921 3211 986 Purificationis

704 1032 897 1094 beate
955 1030 1182 1106 Marie,
1213 1028 1322 1092 die
1377 1027 1643 1103 Pasche,
1673 1027 1783 1090 die
1814 1025 2255 1090 dedicationis
2291 1025 2584 1102 ecclesie,
2614 1025 2724 1089 die
2765 1026 3213 1099 AscensioniS,

702 1133 811 1197 die
843 1133 1233 1208 Pentecost’‚
1264 1132 1373 1195 die
1406 1130 1909 1212 Assumptionis
1942 1129 2137 1193 beate
2171 1130 2382 1192 Marie
2413 1139 2479 1192 et
2504 1128 2615 1192 die
2647 1129 2969 1193 Omnium
3007 1131 3210 1217 Sanc-

702 1249 939 1313 torum,
982 1238 1103 1301 nisi
1154 1256 1270 1319 per
1316 1233 1770 1298 infirmitatem
1820 1233 1921 1295 vel
1968 1233 2138 1295 aeris
2187 1232 2650 1315 intemperiem
2709 1235 2809 1296 vel
2872 1234 3210 1316 hospitum

703 1363 1094 1425 magnorum
1160 1339 1595 1404 reverentiam
1660 1336 1760 1400 vel
1826 1337 2022 1399 aliam
2100 1334 2565 1399 rationabilem
2641 1347 2709 1399 et
2788 1337 3207 1401 manifestam

702 1468 971 1510 causam
1036 1446 1278 1508 fuerint
1339 1441 1652 1525 predictis
1712 1451 1867 1504 octo
1921 1439 2110 1502 sestis
2174 1439 2520 1521 impediti;
2567 1450 2635 1503 et
2699 1450 2856 1503 tunc
2917 1439 3003 1503 de
3068 1461 3214 1523 per-

703 1552 1016 1614 missione
1056 1560 1123 1613 et
1170 1549 1436 1612 licentia
1486 1546 1756 1609 rectoris
1809 1545 2085 1608 ecclesie
2137 1543 2373 1608 diebus
2429 1545 2554 1607 illis
2605 1546 2671 1606 in
2723 1545 2980 1628 capella
3032 1565 3212 1607 com-

700 1656 1006 1738 pleantur
1034 1654 1261 1716 omnia
1292 1653 1430 1714 sive
1476 1660 1691 1713 rector
1728 1649 2036 1712 maluerit
2076 1669 2193 1730 per
2236 1650 2574 1730 proprium
2613 1650 3033 1732 capellanum
3076 1650 3214 1712 sive

698 1781 814 1843 per
859 1760 1043 1822 illum
1090 1758 1203 1840 qui
1251 1757 1317 1819 in
1364 1755 1620 1838 capella
1666 1753 1777 1816 illa
1823 1753 2289 1827 constituitur;
2340 1754 2432 1816 ita
2475 1753 2783 1817 videlicet
2830 1752 3009 1835 quod
3073 1764 3211 1816 tam

696 1864 930 1928 diebus
975 1863 1103 1926 illis
1135 1882 1336 1943 quam
1393 1860 1539 1922 aliis
1592 1858 1789 1921 liceat
1848 1859 2079 1920 rectori
2123 1857 2400 1920 ecclesie
2447 1859 2499 1920 si
2551 1858 2837 1922 voluerit
2895 1878 3013 1940 per
3065 1878 3213 1940 pro-

701 1969 915 2051 prium
974 1966 1284 2029 clericum
1348 1964 1687 2046 percipere
1746 1981 1828 2024 ea
1887 1981 2017 2042 que
2078 1959 2162 2023 ad
2224 1962 2549 2043 capellam
2615 1961 3033 2043 proveniunt,
3099 1980 3216 2042 per

706 2091 975 2134 manum
1013 2069 1219 2150 ipsius
1249 2066 1334 2129 ad
1371 2067 1712 2129 matricem
1745 2064 2096 2127 ecclesiam
2130 2062 2508 2139 deserenda,
2540 2065 2641 2127 vel
2675 2064 2728 2126 si
2757 2064 3063 2127 maluerit
3097 2084 3214 2147 per

700 2170 1119 2253 capellanum
1173 2168 1236 2229 in
1288 2166 1545 2248 capella
1601 2165 2106 2227 ministrantem.
2202 2165 2497 2227 Domino
2537 2185 2693 2227 vero
2731 2164 2985 2247 capelle
3024 2163 3210 2227 domi

701 2293 833 2336 non
881 2273 1217 2336 existente
1265 2269 1578 2354 predictis
1624 2279 1778 2331 octo
1834 2268 2036 2343 sestiS,
2085 2268 2335 2331 familia
2387 2289 2517 2350 que
2574 2278 2732 2331 tunc
2787 2268 3038 2331 ibidem
3088 2269 3217 2330 erit

703 2378 1045 2440 matricem
1078 2376 1426 2440 ecclesiam
1464 2373 1772 2437 visitabit.
1854 2373 2092 2435 Dictus
2123 2393 2281 2436 vero
2307 2372 2730 2437 Baldewinus
2763 2374 2931 2436 tanti
2958 2393 3218 2435 memor

701 2479 1002 2544 beneficii
1040 2478 1229 2542 dedit
1266 2488 1334 2541 et
1388 2478 1714 2540 concessit
1768 2486 1837 2539 et
1886 2486 2070 2538 carta
2130 2495 2250 2538 sua
2310 2497 2511 2558 quam
2577 2475 2999 2559 inspeximus
3058 2496 3214 2538 con-

697 2582 983 2645 firmavit
1033 2603 1151 2664 pro
1197 2603 1268 2645 se
1312 2590 1380 2644 et
1426 2579 1778 2645 heredibus
1826 2581 1961 2642 suis
2009 2581 2263 2643 matrici
2311 2581 2587 2644 ecclesie
2617 2580 2703 2643 de
2752 2580 3098 2643 Adintone
3149 2581 3214 2642 in

698 2706 950 2769 puram,
1001 2686 1273 2748 liberam
1325 2694 1392 2748 et
1444 2694 1833 2766 perpetuam
1888 2683 2320 2747 elemosinam
2374 2705 2493 2767 pro
2541 2685 2754 2748 salute
2809 2686 3031 2747 anime
3080 2705 3218 2760 sue,

693 2799 1183 2853 antecessorum
1232 2798 1298 2852 et
1345 2788 1662 2852 heredum
1711 2807 2000 2862 suorum,
2046 2808 2302 2851 necnon
2351 2797 2418 2851 et
2477 2787 2746 2851 Hawise
2797 2789 3026 2851 uxoris
3079 2809 3219 2865 sue,

704 2915 825 2958 sex
901 2913 1085 2957 acras
1145 2902 1316 2957 terre
1376 2912 1526 2955 cum
1589 2892 1899 2955 omnibus
1962 2891 2377 2975 pertinentiis
2439 2893 2573 2955 suis
2629 2893 2694 2955 in
2744 2892 3072 2956 territorio
3126 2891 3214 2955 de

699 2998 1058 3075 Adintone,
1092 2997 1397 3061 videlicet
1429 2999 1494 3060 in
1531 2997 1737 3079 Sleng
1768 3007 1901 3060 tres
1944 2995 2139 3059 rodas
2165 2997 2366 3078 juxta
2409 2995 2677 3060 foedum
2721 2996 2865 3079 [sic]
2912 2997 3220 3060 Mauricii

694 3102 780 3165 de
842 3100 1153 3182 Andeby,
1213 3101 1339 3163 sub
1399 3099 2077 3163 Wudefordebanlon'
2141 3121 2341 3163 unam
2406 3101 2636 3163 rodam
2697 3099 2898 3179 juxta
2973 3111 3215 3162 terram

697 3205 991 3280 ecclesie,
1038 3214 1106 3267 et
1151 3214 1313 3286 aput
1361 3204 1728 3284 Grenewey
1776 3202 2131 3266 duodecim
2180 3203 2399 3266 sulcos
2427 3203 2624 3284 juxta
2670 3213 2912 3267 terram
2960 3202 3220 3281 decani,

695 3319 762 3372 et
811 3328 1011 3371 unam
1062 3307 1291 3370 rodam
1325 3328 1456 3389 que
1502 3307 1736 3369 abutat
1794 3327 1991 3389 super
2045 3307 2267 3370 buttes
2318 3306 2518 3387 juxta
2572 3316 2810 3369 terram
2864 3307 3117 3384 decani,
3148 3319 3220 3370 et

698 3412 821 3474 sub
887 3412 1205 3494 Rigeway
1265 3409 1611 3473 dimidiam
1676 3430 1898 3472 acram
1962 3420 2028 3472 et
2090 3422 2376 3491 quatuor
2436 3410 2654 3473 sulcos
2710 3410 2910 3490 juxta
2970 3420 3215 3472 terram

699 3514 954 3587 decani,
1001 3525 1069 3577 et
1120 3513 1475 3577 duodecim
1531 3513 1750 3576 sulcos
1811 3534 1942 3595 que
2003 3512 2148 3595 [sic]
2210 3514 2525 3576 abuttant
2579 3534 2775 3595 super
2836 3512 3220 3575 Trendlade

694 3618 895 3698 juxta
934 3629 1175 3681 terram
1226 3618 1367 3680 Iote
1408 3617 1513 3699 [or
1538 3616 1746 3699 Joce].
1778 3626 1847 3679 et
1878 3615 2232 3680 duodecim
2275 3617 2492 3679 sulcos
2532 3637 2731 3698 super
2765 3616 3216 3680 Lidewellehil

694 3720 893 3801 juxta
940 3733 1180 3785 terram
1213 3720 1468 3790 decani,
1499 3730 1566 3783 et
1598 3719 1947 3783 dimidiam
1994 3740 2215 3782 acram
2257 3731 2541 3801 quatuor
2584 3721 2781 3783 sulcis
2826 3720 3044 3782 minus
3083 3740 3219 3801 que

699 3826 1010 3889 abuttant
1041 3824 1186 3907 [sic]
1219 3832 1418 3906 super
1448 3824 1800 3905 capucium
1838 3822 2210 3886 Alexandri
2241 3822 2439 3904 juxta
2488 3834 2728 3886 terram
2774 3823 3048 3886 Henrici
3095 3823 3214 3886 filii

700 3930 942 4011 Sayne‚
991 3939 1058 3991 et
1110 3928 1465 3991 duodecim
1516 3928 1735 3991 sulcos
1791 3936 1955 4008 aput
2022 3927 2457 3990 Michelwelle
2508 3927 2706 4009 juxta
2767 3938 3008 3990 terram
3062 3927 3220 3992 Ade

702 4033 1035 4116 prepositi,
1067 4041 1134 4094 et
1167 4032 1231 4094 in
1268 4029 1594 4094 Westseld
1630 4051 1827 4112 super
1860 4030 2226 4093 Scitershul
2271 4041 2403 4094 tres
2448 4030 2661 4104 rodaS,
2690 4041 2758 4095 et
2802 4032 2866 4094 in
2914 4031 3216 4094 Brocfor-

701 4136 858 4218 lang
904 4155 1104 4197 unam
1155 4134 1383 4196 rodam
1423 4132 1622 4214 juxta
1667 4144 1910 4196 terram
1958 4133 2214 4208 decani,
2259 4146 2326 4196 et
2383 4135 2445 4197 in
2501 4133 2973 4217 Brocforlange
3020 4154 3222 4216 super

706 4236 1353 4301 Rennendewellehil
1402 4257 1603 4299 unam
1638 4257 1860 4299 acram
1897 4236 2095 4316 juxta
2127 4247 2369 4301 terram
2402 4238 2656 4313 decani,
2688 4248 2757 4301 et
2788 4247 2951 4319 aput
2987 4237 3220 4301 Nolles

702 4352 833 4405 tres
887 4339 1083 4403 rodas
1128 4339 1327 4420 juxta
1371 4349 1613 4404 terram
1661 4340 1918 4418 decani,
1968 4352 2035 4405 et
2082 4342 2315 4404 subtus
2370 4342 2691 4424 Rigeway
2735 4361 2938 4404 unam
2982 4340 3217 4404 rodam

695 4445 893 4525 juxta
968 4453 1208 4506 terram
1285 4442 1536 4507 decani.
1633 4445 1821 4507 Idem
1898 4466 2052 4508 vero
2131 4444 2549 4508 Baldewinus
2623 4454 2689 4507 et
2766 4444 3040 4508 heredes
3113 4447 3220 4509 sui

698 4546 1254 4611 warrantizabunt
1277 4546 1493 4610 dictas
1524 4569 1644 4611 sex
1678 4569 1865 4611 acras
1898 4558 2066 4612 terre
2098 4570 2248 4612 cum
2284 4549 2698 4631 pertinentiis
2722 4549 2900 4612 dicte
2930 4549 3215 4612 ecclesie

697 4652 782 4715 de
832 4649 1176 4715 Adintone
1220 4661 1289 4714 et
1333 4650 1633 4731 ejusdem
1681 4652 1959 4715 ecclesie
2010 4653 2372 4715 rectoribus
2423 4652 2488 4715 in
2541 4662 2934 4734 perpetuum
2987 4672 3216 4716 versus

695 4776 930 4819 omnes
961 4765 1028 4817 et
1060 4754 1124 4816 in
1160 4754 1488 4831 omnibuS,
1520 4766 1593 4818 ut
1626 4756 1900 4819 liberam
1932 4766 1998 4819 et
2034 4777 2265 4838 puram
2298 4757 2733 4820 elemosinam
2768 4776 2977 4818 suam.
3071 4756 3215 4818 Nos

699 4870 925 4922 autem
957 4858 1183 4920 omnia
1217 4858 1514 4940 predicta
1547 4869 1690 4922 rata
1719 4869 2044 4940 quantum
2082 4860 2146 4922 in
2181 4858 2372 4921 nobis
2403 4868 2505 4922 est
2537 4859 2861 4922 habentes
2901 4869 2968 4922 et
3000 4870 3214 4942 grata,

698 4984 779 5027 ea
832 4960 1192 5045 episcopali
1240 4961 1713 5054 confirmamus
1759 4964 2200 5039 auctoritate;
2248 4964 2446 5026 salvis
2493 4974 2613 5026 etc.
2708 4962 2907 5046 Quod
2957 4972 3028 5026 ut
3072 4973 3217 5037 etc..
