3596 5866
716 618 751 664 2
767 595 855 685 58
1417 599 1684 671 Rutuli
1716 598 1814 670 H
1810 602 2067 694 ugonis
2117 599 2206 671 de
2259 598 2521 671 Welles

712 836 968 898 matrici
1014 837 1291 901 ecclesie
1337 837 1422 901 de
1475 838 1858 903 Pokebroce
1890 859 2186 902 annuum
2235 836 2567 902 redditum
2612 839 2809 901 trium
2859 838 3217 902 solidorum

710 958 908 1019 quem
942 940 1261 1023 percipiet
1297 954 1510 1004 rector
1551 941 1853 1023 ejusdem
1903 943 2202 1019 ecclesie,
2232 943 2344 1024 qui
2388 963 2509 1025 pro
2541 951 2846 1024 tempore
2895 941 3107 1017 suerit,
3137 943 3221 1007 de

714 1041 1074 1107 Salomone
1105 1044 1189 1108 de
1222 1046 1607 1127 Stangrund
1655 1058 1722 1110 et
1769 1047 1916 1128 ejus
1948 1046 2321 1121 heredibus,
2354 1047 2466 1128 qui
2515 1046 2766 1109 scilicet
2802 1045 3119 1110 Salomon
3155 1049 3216 1109 in

712 1147 836 1209 hoc
868 1151 1290 1212 consentiens
1323 1151 1386 1213 in
1422 1151 1611 1214 initio
1645 1150 1843 1231 hujus
1874 1150 2259 1214 donationis
2292 1162 2360 1214 et
2383 1151 2833 1213 concessionis
2863 1170 3013 1213 cum
3037 1154 3217 1215 omni

713 1251 980 1331 sequela
1012 1273 1131 1315 sua
1162 1262 1536 1317 attornatus
1584 1254 1706 1317 fuit
1736 1255 2015 1319 ecclesie
2051 1265 2417 1318 memorate
2449 1255 2513 1317 in
2562 1254 2857 1329 liberam,
2891 1274 3122 1337 puram
3155 1266 3219 1318 et

713 1366 1101 1438 perpetuam
1164 1357 1623 1432 elemosinam,
1685 1369 1758 1421 ut
1809 1360 1951 1441 ipse
2004 1358 2325 1423 Salomon
2375 1368 2442 1421 et
2505 1358 2781 1422 heredes
2843 1360 2940 1421 sui
3002 1358 3215 1423 eidem

711 1459 986 1523 ecclesie
1017 1461 1279 1524 solvant
1310 1463 1652 1526 servitium
1687 1462 2101 1526 antedictum
2135 1474 2204 1525 et
2251 1462 2456 1544 ipsius
2487 1462 2764 1525 ecclesie
2807 1461 3109 1525 dominio
3155 1464 3216 1526 in

714 1574 1104 1645 perpetuum
1141 1576 1527 1630 remaneant
1559 1567 1814 1649 absque
1846 1568 2027 1629 omni
2079 1576 2535 1630 retenemento
2582 1566 2895 1647 predictis
2930 1566 3219 1629 Radulfo

710 1677 777 1731 et
856 1668 1070 1732 Alicie
1144 1670 1246 1733 vel
1324 1669 1679 1733 heredibus
1739 1691 1969 1734 eorum
2034 1670 2239 1751 quieti
2302 1679 2370 1731 et
2431 1669 2646 1732 soluti.
2754 1670 2930 1732 Dicti
2996 1681 3214 1734 autem

716 1770 1043 1834 Radulfus
1088 1782 1157 1835 et
1205 1772 1442 1849 Alicia,
1473 1794 1557 1836 ne
1599 1775 1722 1855 ipsi
1765 1773 1865 1836 vel
1916 1772 2191 1836 heredes
2236 1793 2464 1836 eorum
2505 1771 2754 1853 aliquid
2802 1783 3036 1836 contra
3078 1795 3219 1855 pre-

712 1878 913 1940 missa
974 1877 1039 1938 in
1117 1876 1555 1958 prejudicium
1613 1877 1780 1958 juris
1841 1878 2119 1940 ecclesie
2179 1876 2264 1940 de
2329 1876 2715 1940 Pokebroce
2783 1878 2882 1940 vel
2945 1878 3220 1941 ecclesie

715 1980 1197 2044 Lincolniensis
1228 1980 1443 2045 facere
1472 1982 1574 2045 vel
1611 1983 1968 2064 impetrare
2000 1982 2277 2063 possint,
2310 1980 2737 2061 subjecerunt
2769 2001 2840 2043 se
2872 2001 2992 2062 pro
3040 2002 3111 2044 se
3154 1992 3219 2045 et

711 2083 1061 2147 heredibus
1093 2085 1229 2146 suis
1269 2083 1711 2165 jurisdictioni
1751 2084 2239 2147 Lincolniensis
2270 2084 2567 2166 episcopi
2601 2085 2712 2165 qui
2764 2105 2885 2166 pro
2918 2094 3218 2168 tempore

713 2188 923 2264 suerit,
968 2189 1151 2251 omni
1199 2189 1646 2271 appellatione
1693 2199 1759 2252 et
1809 2189 2277 2270 impetratione
2319 2188 2752 2263 cessantibuS,
2798 2199 2870 2250 ut
2918 2189 3117 2252 liceat
3161 2191 3216 2252 ei

711 2293 888 2375 ipsos
919 2302 986 2355 et
1018 2291 1295 2355 heredes
1326 2313 1480 2355 suos
1526 2292 1611 2355 ad
1663 2293 2135 2375 premissorum
2186 2290 2680 2354 observantiam
2731 2291 2948 2379 modis
2980 2292 3219 2373 quibus

712 2394 949 2458 viderit
1022 2395 1343 2478 expedire
1417 2396 1783 2459 cohercere.
1911 2395 2053 2456 Nos
2129 2404 2353 2457 autem
2416 2395 2645 2456 omnia
2722 2393 3018 2476 predicta
3082 2405 3219 2458 rata

709 2509 1033 2582 quantum
1081 2500 1147 2562 in
1182 2499 1374 2563 nobis
1404 2510 1506 2563 est
1553 2499 1876 2563 habentes
1908 2509 1975 2562 et
2022 2509 2213 2581 grata
2244 2518 2323 2561 ea
2368 2498 2729 2580 episcopali
2780 2497 3218 2561 confimamus

709 2604 1120 2667 auctoritate.
1218 2604 1291 2666 In
1348 2603 1537 2685 cujus
1588 2604 1676 2666 rei
1738 2604 2198 2667 testimonium
2262 2604 2551 2685 presenti
2616 2603 2864 2685 scripto
2926 2604 3214 2685 sigillum

713 2717 1010 2770 nostrum
1045 2707 1364 2770 duximus
1395 2708 1893 2790 apponendum,
1926 2708 2051 2770 hiis
2084 2708 2387 2781 testibuS,
2414 2706 2721 2789 Johanne
2753 2706 3218 2769 archidiacono

717 2811 1266 2893 Norbamptonie,
1299 2811 1577 2874 Warino
1608 2810 1694 2874 de
1723 2810 2096 2874 Kirketone
2116 2822 2183 2875 et
2221 2812 2296 2873 R.
2323 2810 2408 2873 de
2445 2810 3217 2892 Bolesoure,capellaniS,

718 2916 1058 2999 Magistris
1093 2916 1195 2978 W.
1228 2915 1313 2980 de
1347 2916 1825 2979 Wermenistre
1856 2926 1924 2979 et
1975 2916 2051 2978 R.
2102 2914 2187 2979 de
2219 2914 2622 2989 Wendoure,
2656 2913 2757 2976 W.
2792 2913 2876 2977 de
2909 2914 3216 2978 Winche-

713 3019 968 3094 cumbe,
1004 3020 1079 3082 R.
1111 3019 1197 3083 de
1229 3019 1505 3084 Oxonia
1549 3031 1616 3083 et
1656 3020 1731 3082 T.
1779 3018 1865 3082 de
1910 3019 2209 3101 Askeby,
2241 3019 2576 3082 canonicis
2627 3017 3217 3094 LincolniensibuS,

719 3124 1043 3205 Magistro
1089 3125 1169 3188 A.
1216 3124 1301 3189 de
1356 3125 1701 3198 Arundell,
1734 3125 1812 3189 G.
1860 3125 1945 3189 de
1998 3126 2204 3186 Moris
2255 3135 2322 3188 et
2364 3125 2429 3188 S.
2477 3124 2562 3186 de
2600 3123 2910 3198 Caste110‚
2954 3125 3214 3187 clericis

718 3228 871 3291 Dat’
906 3249 1023 3311 per
1053 3249 1326 3291 manum
1350 3240 1648 3292 nostrum
1675 3229 1853 3311 apud
1877 3229 2238 3311 Tingherst
2274 3227 2491 3290 idibus
2519 3227 2771 3309 Aprilis
2797 3228 3218 3310 pontificatus

715 3334 919 3396 nostri
953 3353 1130 3395 anno
1163 3335 1350 3397 xxiii.

717 3607 933 3673 [Grant
960 3606 1028 3675 by
1050 3607 1140 3659 tlte
1164 3607 1377 3675 Bislaop
1400 3613 1453 3660 to
1475 3607 1564 3660 Itis
1586 3622 1858 3660 successor
1876 3608 1936 3658 in
1969 3605 2060 3658 the
2081 3622 2167 3658 sce
2197 3605 2268 3672 os
2282 3605 2371 3657 the
2402 3605 2605 3657 churck
2629 3605 2700 3672 of
2714 3604 3061 3668 Hambleton,
3089 3606 3218 3658 Rut-

845 3688 996 3750 land,
1033 3687 1124 3741 the
1151 3693 1467 3756 patronage
1504 3689 1574 3756 os
1602 3690 1658 3749 it.
1695 3704 1730 3738 a
1757 3689 1995 3755 pension
2036 3688 2107 3755 os
2129 3703 2237 3738 eos.
2273 3686 2425 3750 from
2463 3689 2554 3738 tlte
2593 3685 2791 3739 churclt
2833 3687 2905 3754 os
2929 3687 3004 3739 St.
3045 3687 3216 3744 Peter.

847 3769 1149 3838 Stamsord,
1174 3769 1296 3821 and
1312 3769 1399 3822 the
1421 3769 1618 3838 chapel
1636 3770 1707 3837 os
1721 3769 2062 3826 Braunston‚
2088 3768 2383 3830 Rutland,·
2416 3768 2558 3837 May
2581 3773 2657 3826 18,
2685 3773 2851 3832 1²3²]

865 3889 1225 3976 ‘Omnibus
1299 3899 1421 3953 etc.
1537 3889 1816 3952 Noverit
1894 3889 2285 3952 universitas
2361 3898 2578 3951 vestra
2656 3908 2775 3950 nos
2865 3887 3223 3960 ordinasse,

718 3993 1121 4056 concessisse
1152 4004 1219 4056 et
1252 3992 1374 4055 hac
1423 3994 1710 4074 presenti
1759 4002 1942 4056 carta
1990 4003 2216 4055 nostra
2264 3991 2691 4055 confirmasse
2737 3993 3223 4055 successoribus

719 4084 960 4159 nostris
990 4097 1319 4179 episcopis
1357 4097 1948 4172 Lincolniensibus‚
1976 4098 2087 4178 qui
2125 4118 2243 4179 pro
2290 4107 2590 4173 tempore
2623 4095 2881 4171 fuerint,
2913 4095 3092 4177 quod
3140 4095 3223 4158 de

720 4201 998 4264 ecclesia
1057 4201 1142 4264 de
1207 4200 1672 4264 Hameledone
1733 4212 1803 4264 et
1862 4201 1947 4263 de
2004 4201 2151 4283 jure
2216 4209 2605 4283 patronatus
2660 4198 2958 4279 ejusdem
3014 4209 3081 4262 et
3141 4199 3225 4262 de

722 4303 1039 4386 pensione
1071 4304 1302 4386 viginti
1352 4302 1713 4366 solidorum
1760 4303 1846 4367 de
1878 4304 2157 4366 ecclesia
2205 4303 2378 4366 beati
2419 4303 2591 4365 Petri
2641 4300 2998 4366 Stansorde
3030 4313 3099 4365 et
3143 4302 3224 4365 de

721 4406 1029 4470 omnibus
1061 4407 1204 4469 aliis
1237 4407 1651 4489 pertinentiis
1698 4408 1834 4469 suis
1865 4416 1932 4470 et
1978 4406 2063 4470 de
2100 4406 2357 4488 capella
2393 4404 2478 4469 de
2512 4405 3041 4488 Bramptestone,
3074 4427 3220 4469 curn

723 4533 835 4574 eas
897 4532 1130 4574 vacare
1191 4511 1561 4593 contigerit,
1609 4511 1921 4574 ordinent
1970 4510 2334 4574 secundum
2389 4510 2606 4572 Deum
2675 4523 2870 4591 prout
2937 4510 3225 4573 viderint

722 4614 1058 4697 expedire,
1091 4614 1214 4676 nisi
1247 4625 1402 4677 ante
1448 4614 1793 4678 decessum
1844 4625 2144 4677 nostrum
2194 4614 2277 4677 de
2324 4614 2574 4676 eisdem
2610 4613 2801 4675 aliter
2831 4612 3225 4676 duxerimus

725 4717 1189 4793 ordinandum,
1219 4717 1417 4780 salvis
1448 4728 1568 4781 etc.
1667 4718 1741 4779 In
1775 4717 1973 4799 hujus
2006 4728 2230 4781 autem
2275 4716 2729 4791 ordinationis,
2761 4717 3225 4791 concessionis,

725 4833 791 4884 et
853 4820 1372 4884 confirmationis
1442 4831 1666 4884 nostre
1735 4823 2193 4884 testimonium
2262 4821 2549 4903 presenti
2622 4820 2871 4901 scripto
2933 4820 3222 4901 sigillum

727 4935 1023 4987 nostrum
1085 4924 1404 4987 duximus
1458 4923 1952 5007 apponendum.
2079 4923 2323 4986 Actum
2374 4921 2551 5005 apud
2602 4922 2817 4985 Vetus
2865 4921 3223 5004 Templum

732 5026 1227 5090 Londoniarum
1263 5048 1354 5090 xv
1388 5026 1708 5089 kalendas
1739 5026 1918 5109 Junii
1956 5025 2380 5108 pontificatus
2413 5026 2617 5089 nostri
2652 5045 2830 5087 anno
2863 5024 3051 5086 xxiii.
