3596 5866
1308 541 1666 637 Episcopi
1709 540 2274 614 Lz'ncolnz'ensis.
2912 551 3045 637 189

531 777 610 843 [A
646 775 955 829 relamtt'on
988 776 1060 843 os
1079 792 1245 829 seven
1277 777 1416 845 days
1446 778 1518 844 os
1532 782 1778 845 penance
1811 785 1865 831 to
1896 778 1982 830 all
2013 778 2307 831 travellers
2350 778 2479 830 who
2506 780 2647 845 give
2679 779 2826 831 alms
2869 784 2922 832 to
2956 780 3047 832 the

665 858 852 924 lepers'
874 857 1120 926 hospital
1136 861 1206 927 of
1219 862 1297 915 St.
1325 860 1593 919 Leonard,
1617 860 2031 927 Nortlmmpton
2041 878 2070 922 ,·
2091 860 2230 927 Jan.
2253 879 2331 923 21,
2361 861 2526 929 τερα]

711 1002 969 1066 CARTA
1018 1017 1516 1069 LEPROSORUM
1568 1018 1837 1069 SANCTI
1899 1006 2298 1068 LEONARDI
2367 1018 2615 1067 EXTRA
2679 1004 3050 1068 NORHAM-

535 1107 1187 1172 TONE.—Omnibus
1219 1118 1447 1172 sancte
1481 1110 1710 1172 matris
1742 1109 2019 1172 ecclesie
2052 1109 2201 1171 filiis
2235 1130 2351 1191 per
2389 1110 2850 1191 episcopatum
2890 1109 3046 1171 Lin-

536 1209 940 1275 colniensem
975 1213 1372 1288 constitutiS,
1411 1212 1615 1295 Hugo
1651 1213 1775 1275 Dei
1812 1214 2026 1293 gratia
2052 1214 2233 1276 Linc'
2264 1213 2639 1295 Episcopus
2660 1224 2957 1275 eternam
2982 1214 3045 1275 in

535 1315 810 1378 domino
840 1315 1141 1378 salutem.
1234 1316 1572 1399 Quoniam
1608 1318 1778 1379 inter
1809 1338 2012 1399 opera
2044 1318 2339 1380 caritatis
2371 1338 2451 1379 ea
2483 1315 2677 1379 valde
2712 1317 3048 1379 meritoria

537 1428 927 1500 reputantur
956 1439 1086 1499 que
1116 1419 1201 1481 ad
1235 1422 1790 1484 sustentationem
1829 1442 2197 1503 pauperum
2241 1433 2308 1484 et
2350 1420 2759 1483 infirmorum
2804 1420 3049 1484 Christi

536 1522 646 1603 pia
685 1522 1034 1603 largitione
1077 1523 1371 1587 fidelium
1413 1524 1859 1602 conseruntur,
1899 1525 2324 1589 devotionem
2369 1536 2654 1587 vestram
2700 1545 3049 1587 monemus

535 1636 602 1687 et
669 1625 1107 1689 exhortamur
1169 1629 1234 1690 in
1301 1628 1615 1704 Domin0,
1675 1630 1991 1710 quatinus
2052 1650 2203 1692 cum
2268 1650 2386 1711 per
2447 1629 2774 1710 hospitale
2835 1629 3047 1690 sancti

540 1728 868 1792 Leonardi
931 1741 1126 1794 extra
1190 1732 1250 1793 N
1257 1732 1652 1795 orhamtone
1712 1734 2065 1795 transitum
2132 1733 2431 1807 feceritiS,
2492 1732 2714 1795 divine
2779 1733 3050 1814 pietatis

537 1834 775 1896 intuitu
840 1835 1091 1915 aliquid
1157 1837 1240 1899 ad
1302 1839 1860 1900 sustentationem
1926 1838 2336 1919 leprosorum
2402 1837 2647 1899 ibidem
2712 1837 2796 1899 de
2857 1837 3049 1899 bonis

534 1937 723 1999 vobis
748 1958 787 1999 a
816 1938 963 2000 Deo
987 1940 1244 2001 collatis
1278 1941 1621 2002 caritative
1646 1940 2021 2002 conferatis
2118 1940 2259 2002 Nos
2292 1950 2515 2002 autem
2543 1939 2627 2002 de
2655 1940 2779 2002 Dei
2818 1939 3048 2003 confisi

536 2040 985 2103 misericordia
1024 2044 1334 2106 omnibus
1377 2044 1565 2106 vobis
1607 2043 1689 2105 ad
1733 2043 2104 2125 predictum
2147 2043 2477 2125 hospitale
2519 2043 2939 2105 venientibus
2981 2053 3049 2105 et

535 2144 780 2207 ibidem
815 2145 900 2208 de
933 2146 1124 2208 bonis
1156 2148 1392 2209 vestris
1424 2146 1507 2209 ad
1551 2147 1998 2229 predictorum
2036 2147 2444 2229 leprosorum
2488 2147 3046 2223 sustentationem

531 2248 930 2311 elemosinas
962 2260 1214 2313 vestras
1247 2249 1756 2326 conferentibuS,
1797 2249 2118 2313 confessis
2158 2260 2225 2313 et
2265 2271 2416 2313 vere
2458 2250 2931 2332 penitentibus,
2963 2251 3049 2313 de

535 2352 833 2433 injuncta
888 2354 1076 2416 vobis
1133 2355 1500 2436 penitentia
1550 2365 1806 2436 septem
1862 2353 2006 2417 dies
2062 2354 2459 2417 relaxamus.
2575 2354 2770 2415 Hanc
2821 2363 3046 2416 autem

536 2457 965 2520 relaxationis
1012 2468 1237 2521 nostre
1284 2460 1569 2541 gratiam
1613 2459 2044 2522 concedimus
2091 2459 2479 2522 duraturam
2533 2479 2650 2540 per
2693 2458 3051 2533 biennium,

533 2570 602 2623 et
660 2572 855 2624 extra
910 2562 1282 2644 predictum
1331 2563 1660 2646 hospitale
1713 2584 1845 2625 non
1900 2563 2268 2625 valituram.
2379 2563 2559 2625 Data
2610 2584 2724 2645 per
2776 2583 3047 2624 manum

539 2665 711 2728 Petri
752 2665 838 2728 de
872 2666 1222 2743 Bathonia,
1254 2669 1554 2729 canonici
1592 2667 2093 2742 LincolniensiS,
2126 2667 2304 2749 apud
2342 2666 2848 2747 Wenlingburg'
2881 2665 3045 2728 duo-

535 2767 796 2831 decimo
833 2769 1153 2832 kalendas
1191 2770 1547 2844 Februarii,
1582 2769 2008 2852 pontificatus
2042 2771 2247 2834 nostri
2282 2790 2460 2831 anno
2498 2771 2583 2831 xi.

535 3214 678 3278 [The
703 3215 917 3282 Bishop
938 3216 1199 3283 confirm-s·
1220 3220 1274 3268 to
1308 3215 1532 3268 Vincent
1558 3215 1952 3282 Carpentan'us
1974 3218 2064 3267 tlte
2079 3221 2262 3282 grant
2280 3215 2350 3282 of
2361 3231 2396 3265 a
2420 3221 2647 3281 quarter
2665 3217 2823 3283 osan
2845 3231 2968 3278 acre
2990 3216 3061 3282 of

666 3297 755 3349 the
768 3296 929 3365 glebe
949 3297 1021 3364 os
1044 3297 1372 3364 Brampton.
1399 3297 1559 3349 made
1580 3297 1645 3364 by
1668 3297 1892 3349 lilartin
1916 3297 1982 3349 de
2006 3296 2341 3357 Patteshille,
2364 3302 2540 3348 rector
2556 3297 2628 3363 of
2650 3297 2777 3349 that
2808 3297 3009 3349 churclt
3025 3314 3052 3357 ,·

666 3378 808 3445 May
827 3395 908 3443 25,
936 3379 1102 3446 1220]

710 3532 968 3596 CARTA
1034 3533 1454 3596 VINCENTII
1510 3546 1894 3595 TENENTIS
1951 3545 2300 3596 ECCLESIE
2358 3546 2455 3594 DE
2513 3532 3049 3596 BRAMTONE.--

539 3636 892 3712 OmnibuS,
923 3647 1044 3700 ete.
1143 3637 1421 3699 Noverit
1453 3637 1846 3699 universitas
1878 3647 2097 3699 vestra
2128 3637 2307 3719 quod
2343 3657 2463 3698 nos
2502 3636 2935 3699 donationem
2978 3646 3046 3699 et

535 3740 1030 3802 concessionem
1094 3750 1329 3820 quarte
1384 3741 1591 3821 partis
1644 3741 1839 3801 unius
1892 3761 2041 3802 acre
2095 3749 2263 3802 terre
2312 3760 2462 3802 cum
2516 3740 2928 3821 pertinentiis
2980 3740 3043 3801 in

539 3842 1121 3906 Netherbramton’
1173 3865 1304 3924 que
1356 3853 1457 3905 est
1508 3843 1592 3906 de
1655 3843 1850 3906 feodo
1910 3843 2186 3906 ecclesie
2246 3843 2330 3906 de
2385 3842 2787 3924 Brampton’,
2840 3863 3041 3923 quam

534 3944 816 4008 dilectus
850 3945 1021 4007 filius
1058 3947 1388 4009 Martinus
1420 3946 1505 4009 de
1540 3947 1944 4022 Patteshille,
1978 3956 2189 4008 rector
2218 3946 2518 4027 ejusdem
2559 3945 2849 4022 ecclesie,
2886 3945 3039 4008 secit

537 4048 896 4111 Vincentio
962 4049 1416 4131 CarpentariO,
1477 4051 1646 4112 sicut
1707 4061 1890 4112 carta
1953 4050 2158 4130 ipsius
2224 4049 2493 4112 Martini
2565 4047 3045 4111 rationabiliter

534 4162 834 4228 testatur,
883 4155 1281 4216 auctoritate
1343 4154 1707 4236 episcopali
1769 4152 2284 4216 confirmamus:
2351 4152 2548 4214 salvis
2610 4153 2676 4214 in
2731 4153 3043 4215 omnibus

532 4255 1023 4338 episcopalibus
1074 4257 1666 4320 consuetudinibus
1715 4267 1781 4318 et
1834 4256 2316 4319 Lincolniensis
2369 4256 2643 4318 ecclesie
2695 4255 3039 4338 dignitate.

535 4360 735 4443 Quod
770 4371 842 4423 ut
887 4360 1056 4442 [ete.,
1103 4361 1406 4444 sealingJ,
1436 4361 1562 4423 hiis
1609 4360 1907 4435 testibus,
1958 4359 2255 4422 Roberto
2302 4359 2767 4421 archidiacono
2819 4360 3040 4423 Hunt-

534 4465 868 4547 ingdonie‚
919 4466 1244 4548 Magistro
1293 4464 1640 4547 Stephano
1685 4463 1770 4526 de
1819 4463 2154 4538 Cicestria,
2199 4472 2265 4524 et
2317 4463 2510 4524 Petro
2556 4461 2641 4524 de
2691 4462 3040 4540 Bathonia,

530 4570 866 4632 canonicis
903 4569 1496 4643 LincolniensibuS,
1526 4566 1820 4630 Radulso
1851 4566 1935 4629 de
1968 4565 2320 4641 Warevill’,
2344 4567 2667 4627 canonico
2702 4565 3040 4642 Wellensi,

535 4674 860 4755 Magistro
894 4672 1233 4734 Willelmo
1265 4671 1349 4734 de
1382 4672 1640 4746 Cantia,
1675 4670 2014 4733 Willelmo
2060 4669 2144 4732 de
2188 4669 2713 4745 Winchelcumb,
2751 4669 3041 4732 Ricardo

531 4777 615 4841 de
662 4776 936 4841 Oxonia
980 4787 1048 4839 et
1103 4775 1375 4840 Olivero
1433 4775 1518 4838 de
1574 4774 1943 4850 Chednet0,
1989 4773 2254 4836 clericis,
2372 4773 2551 4835 Data
2601 4794 2716 4855 per
2766 4794 3035 4836 manum

532 4881 794 4943 Thome
870 4880 955 4943 de
1020 4879 1388 4942 Fiskerton’
1458 4879 1802 4961 capellani,
1863 4878 2163 4940 canonici
2239 4877 2439 4952 Linc',
2500 4875 2679 4959 apud
2746 4877 3042 4960 Kildeby

532 4996 769 5049 octavo
801 4984 1121 5047 kalendas
1152 4984 1332 5066 Junii
1369 4982 1793 5065 pontificatus
1829 4982 2032 5045 nostri
2067 5001 2245 5044 anno
2278 4982 2364 5043 xi.
