3596 5866
1151 583 1507 681 Episcopi
1536 584 2104 658 Lincolniensz‘S.
2796 605 2881 678 57

410 797 481 847 M.
516 809 563 848 2.

381 798 403 862 [
567 796 590 864 ]
727 882 1006 947 ANNUS
1068 881 1406 946 Tem-ms
1473 883 1839 947 DEc1MUs.
1936 883 2531 946 BuxlNoEHAME.

380 1015 577 1082 [Eleas.
602 1014 914 1077 subdeacom
931 1015 1226 1083 presented
1259 1015 1325 1083 by
1347 1015 1598 1068 Richard
1626 1016 1693 1069 de
1734 1016 1941 1079 Grava,
1968 1018 2018 1068 is
2053 1016 2344 1069 instituted
2377 1022 2431 1069 to
2470 1016 2561 1069 tlte
2596 1015 2795 1068 church
2829 1016 2901 1084 os

507 1096 704 1156 Grove,
727 1100 847 1149 and
865 1099 915 1149 is
929 1105 984 1149 to
1004 1112 1160 1149 serve
1172 1097 1507 1164 personally.
1577 1097 1668 1149 He
1692 1098 1742 1149 is
1763 1102 1818 1149 to
1839 1097 1898 1150 be
1932 1097 2202 1150 ordained
2229 1096 2430 1150 deacon
2464 1098 2586 1150 and
2613 1102 2666 1150 to
2697 1096 2892 1150 attend

501 1179 593 1231 tlte
612 1179 938 1248 schoolssor
956 1180 1103 1232 three
1112 1196 1292 1247 years.
1363 1178 1710 1232 Meanwhile
1731 1196 1767 1232 a
1788 1180 2020 1233 suitable
2041 1180 2301 1248 chaplain
2326 1181 2376 1232 is
2398 1185 2452 1233 to
2474 1180 2740 1249 officiate.]

548 1299 1259 1363 BUKEHINGEHAME.
1352 1298 1931 1375 GRAVA.—Elias,
1963 1299 2428 1377 subdiaconu5‚
2463 1309 2884 1382 presentatus

380 1423 493 1484 per
527 1403 889 1466 Ricardum
925 1403 1010 1466 de
1044 1403 1266 1467 Grava
1298 1403 1381 1466 ad
1416 1402 1763 1466 ecclesiam
1798 1403 1884 1466 de
1929 1403 2167 1479 Grava,
2201 1403 2376 1466 facta
2409 1405 2588 1486 prius
2622 1404 2888 1485 inquisi-

377 1507 557 1569 tione
589 1527 707 1589 per
743 1507 1140 1589 Magistrum
1178 1506 1321 1582 Th„
1354 1505 1728 1570 Officialem
1766 1505 2241 1569 Archidiaconi
2277 1506 2886 1589 Bukingehamien·

375 1610 479 1685 εἰς,
510 1618 654 1686 etc.,
686 1609 1018 1673 admissus
1048 1620 1168 1687 est,
1200 1620 1267 1674 et
1315 1630 1598 1693 persona
1646 1610 2007 1686 institutuS,
2038 1631 2191 1673 cum
2230 1630 2432 1673 onere
2469 1609 2884 1674 deserviendi

377 1715 438 1775 in
472 1713 693 1776 eidem
729 1713 1161 1795 personaliter
1195 1715 1259 1777 in
1293 1714 1513 1777 officio
1538 1713 1948 1777 sacerdotali.
2045 1715 2136 1777 Et
2166 1716 2385 1778 veniet
2419 1715 2502 1777 ad
2539 1716 2887 1798 proximos

378 1816 642 1880 ordines
695 1818 757 1879 in
822 1817 1179 1880 diaconum
1242 1816 1668 1880 ordinandus,
1765 1818 1943 1881 Date
2004 1828 2158 1881 sunt
2221 1828 2444 1881 autem
2507 1820 2566 1881 ei
2632 1817 2888 1883 indutie

378 1921 588 1984 scolas
623 1921 1088 2003 frequentandi
1124 1943 1239 2004 per
1272 1923 1656 2003 proximum
1703 1923 2057 1984 triennium
2095 1943 2394 2005 sequens
2490 1923 2580 1986 Et
2614 1924 2883 1987 manda-

378 2037 514 2089 turn
550 2037 654 2090 est
686 2026 866 2089 dicto
901 2026 1187 2091 Officiali
1241 2027 1878 2109 Bukingehamiensi
1911 2027 2091 2109 quod
2142 2028 2411 2091 inducat
2459 2049 2611 2091 eum
2648 2030 2711 2090 in
2747 2049 2886 2090 cor-

380 2131 671 2214 poralem
709 2131 1004 2213 predicte
1043 2132 1319 2194 ecclesie
1367 2133 1854 2213 possessionem
1900 2131 2099 2212 juxta
2148 2132 2427 2195 formam
2479 2133 2889 2214 premissam,

378 2247 440 2299 et
469 2235 652 2317 quod
688 2236 1033 2317 provideat
1067 2246 1140 2299 ut
1172 2237 1315 2319 ipsa
1339 2237 1619 2299 ecclesia
1645 2238 1906 2299 interim
1936 2257 2051 2319 per
2075 2238 2541 2319 cappellanum
2570 2237 2882 2300 idoneum

379 2339 715 2402 officietur.
811 2339 1204 2420 (Admissus
1237 2339 1360 2402 fuit
1392 2350 1631 2422 quarto
1666 2340 1899 2403 Nonas
1930 2341 2159 2423 Junii.)

378 2509 619 2577 [Walter
645 2510 713 2562 de
746 2509 1176 2578 Faucumberge,
1204 2510 1359 2570 clerk.
1375 2511 1675 2578 presented
1700 2510 1765 2580 by
1787 2511 1880 2563 the
1902 2510 2083 2563 Abbot
2110 2511 2231 2563 and
2263 2511 2515 2565 Convent
2542 2512 2612 2579 os
2635 2511 2886 2572 Walden.

500 2594 552 2644 is
576 2591 868 2644 instituted
874 2595 1086 2659 parson
1109 2593 1181 2660 os
1195 2592 1543 2653 Amen-ham,
1570 2593 1863 2660 reserving
1885 2593 1975 2645 the
1997 2592 2182 2660 rights
2204 2593 2275 2661 os
2297 2593 2390 2645 tlte
2424 2593 2618 2646 monks
2650 2595 2721 2662 os
2735 2594 2889 2646 Hm·-

502 2673 588 2741 ley
608 2672 733 2725 and
748 2690 862 2741 any
872 2674 1109 2740 pension
1132 2673 1241 2726 due
1261 2679 1315 2725 to
1336 2674 1501 2725 them.
1579 2672 1689 2726 The
1711 2674 1972 2741 vtkarage
1993 2675 2044 2725 is
2065 2678 2147 2726 set
2166 2674 2299 2742 out]

552 2802 1601 2866 AUMODESHAME.—Walterus
1633 2801 1717 2865 de
1753 2801 2274 2884 Faucumberge,
2299 2803 2593 2879 clericuS,
2618 2824 2884 2885 presen-

380 2917 557 2971 tatus
605 2926 723 2989 per
772 2905 1112 2969 Abbatem
1161 2916 1229 2969 et
1274 2915 1678 2970 conventum
1728 2905 1814 2969 de
1860 2904 2230 2970 Waledene
2276 2905 2361 2969 ad
2407 2907 2755 2972 ecclesiam
2803 2907 2888 2972 de

381 3009 946 3085 Aumodeshame,
1023 3009 1199 3073 facta
1286 3010 1466 3093 prius
1544 3011 1971 3092 inquisitione
2062 3031 2177 3092 per
2270 3011 2667 3094 Magistrum
2747 3012 2890 3088 Th„

385 3113 757 3179 Officialem
796 3113 1537 3196 Bukingehamiensem,
1561 3123 1703 3189 etc„
1728 3112 2059 3176 admissus
2091 3124 2193 3176 est
2225 3114 2350 3177 sub
2383 3135 2556 3197 pena
2588 3115 2890 3193 Concilii,

376 3228 441 3281 et
487 3238 774 3300 persona
821 3217 1180 3292 institutuS,
1227 3217 1412 3279 salvo
1460 3216 1607 3298 jure
1660 3216 2137 3279 monachorum
2195 3216 2279 3280 de
2338 3218 2661 3295 Hurtleie‚
2704 3220 2884 3301 quod

377 3322 619 3385 habere
674 3320 924 3383 debent
975 3330 1042 3383 et
1092 3330 1581 3384 consueverunt
1634 3341 1832 3402 super
1887 3321 2080 3384 tertia
2130 3332 2318 3403 parte
2360 3321 2768 3385 decimarum
2804 3323 2889 3387 de

377 3425 715 3488 dominico
761 3424 1015 3488 domini
1069 3423 1171 3486 W.
1219 3424 1305 3487 de
1370 3422 1795 3500 Mandeville,
1849 3434 1917 3487 et
1969 3424 2054 3487 de
2115 3426 2452 3508 pannagio
2510 3426 2595 3490 de
2646 3427 2886 3490 eodem

376 3528 715 3592 dominico
749 3528 816 3590 in
851 3527 1401 3591 Aumodeshame
1431 3549 1445 3603 ;
1494 3527 1677 3589 salva
1709 3528 1911 3590 etiam
1946 3528 2143 3590 dictis
2176 3529 2520 3593 monachis
2552 3529 2637 3594 de
2663 3531 2886 3594 Wale-

377 3633 546 3696 dene
578 3632 901 3714 pensione
933 3632 1019 3695 de
1072 3631 1308 3695 eadem
1359 3631 1655 3708 ecclesia,
1688 3632 1741 3694 si
1793 3652 1927 3713 qua
1977 3631 2173 3696 fuerit
2220 3633 2448 3697 debita
2477 3644 2545 3697 et
2591 3636 2884 3717 antiqua.

384 3737 766 3819 Injunctum
813 3747 915 3800 est
974 3737 1175 3800 etiam
1239 3736 1420 3799 dicto
1484 3735 1782 3799 Waltero
1844 3736 1908 3798 in
1973 3738 2215 3800 virtute
2276 3737 2653 3803 obedientie
2707 3740 2887 3822 quod

377 3839 626 3904 dictam
662 3840 1050 3922 pensionem
1086 3840 1244 3923 ipsis
1289 3839 1632 3902 monachis
1679 3839 1764 3903 de
1813 3840 2181 3904 Waledene
2227 3861 2361 3904 non
2408 3843 2641 3918 solvat,
2674 3844 2887 3908 donec

380 3945 808 4028 probaverint
840 3965 1061 4007 coram
1113 3944 1389 4007 domino
1442 3944 1801 4026 EpiscopO,
1833 3944 1934 4007 vel
1989 3944 2254 4009 officiali
2306 3968 2444 4022 sue,
2477 3948 2690 4030 ipsam
2740 3969 2885 4011 esse

379 4048 675 4113 debitam
708 4060 777 4112 et
821 4048 1184 4130 antiquam.
1280 4047 1370 4110 Et
1424 4046 1816 4110 mandatum
1868 4058 1970 4110 est
2028 4048 2356 4132 Magistro
2406 4050 2549 4127 Th„
2583 4050 2889 4127 Officiali,

379 4152 558 4234 quod
592 4149 959 4215 secundum
993 4151 1274 4213 formam
1309 4150 1721 4232 premissam,
1751 4160 1874 4213 etc.

380 4348 561 4415 [Alan
595 4346 664 4399 de
697 4347 886 4411 Netel'‚
913 4346 1188 4415 chaplain,
1203 4344 1499 4412 presented
1525 4344 1591 4412 by
1622 4344 1713 4397 the
1744 4345 1820 4397 Pr
1829 4346 1920 4398 ior
1947 4346 2068 4399 and
2102 4347 2354 4399 Convent
2381 4350 2452 4416 of
2466 4349 2818 4406 Southwark.
2842 4352 2890 4403 is

506 4427 796 4480 instituted
829 4434 883 4482 to
930 4429 1019 4481 the
1051 4429 1314 4495 vicarage
1349 4425 1422 4494 os
1446 4425 1611 4478 Stoke
1645 4424 1870 4493 Poges,·
1901 4427 1992 4480 tlte
2023 4430 2288 4497 vicarage
2320 4429 2369 4482 is
2400 4429 2687 4483 described.
2781 4432 2892 4508 que

508 4512 724 4580 Bishop
745 4511 901 4565 shall
916 4511 1216 4563 deternu'ne
1238 4510 1367 4563 who
1389 4512 1439 4562 is
1463 4516 1517 4563 to
1537 4512 1812 4564 entertain
1835 4509 1925 4562 tlte
1945 4511 2345 4578 Archdeacon]

555 4630 1182 4696 STOKE.—Alanus
1258 4629 1343 4693 de
1422 4629 1482 4691 N
1489 4629 1642 4705 etei,
1718 4630 2167 4712 cappellanuS,
2255 4642 2674 4712 presentatus
2775 4654 2891 4715 per

387 4737 675 4798 Priorem
709 4746 777 4797 et
808 4745 1213 4797 conventum
1248 4733 1333 4796 de
1368 4733 1685 4798 Suwerke
1717 4734 1804 4797 ad
1838 4745 2227 4817 perpetuam
2264 4736 2578 4797 vicariam
2610 4736 2888 4800 ecclesie

381 4839 463 4902 de
512 4838 740 4912 Stoke,
789 4838 962 4901 sacta
1011 4838 1189 4920 prius
1238 4837 1663 4918 inquisitione
1709 4858 1828 4919 per
1878 4838 2274 4920 Magistrum
2324 4838 2466 4914 Th„
2515 4838 2887 4903 Officialem

386 4943 853 5006 Archidiaconi
936 4941 1620 5023 Bukingehamiensis,
1694 4952 1838 5017 ete„
1899 4941 2230 5005 admissus
2291 4953 2409 5018 est,
2470 4953 2537 5005 et
2611 4943 2890 5006 vicarius

387 5058 742 5129 perpetuus
806 5047 1166 5120 institutus,
1227 5065 1377 5106 cum
1441 5064 1640 5107 onere
1700 5056 1766 5107 et
1832 5066 2004 5127 pena
2067 5047 2474 5108 vicariorum.
2569 5046 2891 5111 Consistit
