3596 5866
1146 550 1498 645 Episcopi
1544 550 2108 622 Lincolniensis.
2771 575 2866 640 49

352 799 728 852 conventus
789 799 935 852 toto
996 799 1298 871 tempore
1357 788 1536 852 dicte
1591 789 1864 872 Agathe
1925 789 2175 853 debent
2222 799 2619 872 presentare,
2667 799 2739 852 ut
2803 790 2866 853 in

351 891 777 975 cyrographo
839 893 905 953 in
966 892 1148 954 curia
1207 891 1462 955 domini
1527 891 1732 975 Regis
1794 892 2101 955 confecto
2162 893 2421 975 plenius
2476 893 2869 969 continetur,

350 995 691 1059 admissus
735 1006 855 1071 est,
886 1005 954 1059 et
1002 996 1066 1058 in
1115 1016 1194 1058 ea
1241 996 1576 1065 canonice,
1607 1016 1890 1078 persona
1938 997 2297 1071 institutus,
2335 1017 2487 1060 cum
2536 1017 2736 1059 onere
2783 996 2866 1059 ad

352 1101 707 1182 proximos
753 1100 1019 1164 ordines
1066 1099 1396 1176 veniendi,
1426 1109 1495 1163 et
1541 1100 1842 1163 ordinem
1892 1100 2312 1182 suscipiendi.
2408 1101 2501 1163 Et
2546 1101 2864 1182 quoniam

352 1203 535 1268 idem
593 1204 718 1267 fuit
772 1205 992 1267 minus
1041 1203 1444 1267 sufficienter
1499 1203 1846 1280 litteratu5‚
1877 1204 2200 1287 obligavit
2253 1203 2648 1268 beneficium
2707 1203 2867 1267 illud

351 1307 635 1373 domino
692 1310 1032 1393 Episcopo
1085 1308 1266 1391 quod
1322 1329 1362 1371 a
1410 1308 1579 1371 festo
1628 1307 1859 1373 Sancti
1910 1308 2257 1372 Michaelis
2306 1309 2370 1371 in
2419 1319 2617 1372 antea
2656 1308 2869 1372 scolas

351 1413 821 1496 frequentabit.
918 1414 1008 1477 Et
1034 1414 1407 1496 injunctum
1428 1424 1530 1477 est
1549 1413 1731 1476 dicto
1764 1412 2053 1478 Officiali
2086 1424 2158 1476 ut
2184 1413 2550 1477 secundum
2585 1413 2867 1477 formam

352 1520 773 1601 premissam,
802 1530 958 1595 ete.;
1005 1528 1072 1583 et
1104 1519 1157 1581 si
1191 1518 1406 1582 scolas
1438 1539 1572 1581 non
1607 1518 2123 1600 frequentaverit
2154 1527 2227 1582 ut
2259 1518 2512 1581 dictum
2545 1527 2664 1595 est,
2688 1517 2871 1601 quod

353 1623 522 1687 illud
559 1623 837 1687 domino
873 1624 1213 1706 Episcopo
1245 1622 1588 1706 significet.

352 1805 719 1875 [Alexanden
747 1806 856 1859 late
870 1807 1030 1859 vicar
1046 1807 1107 1860 in
1131 1807 1221 1860 tlte
1233 1806 1486 1874 prebend
1502 1808 1563 1859 in
1597 1806 1942 1859 Waddesdon
1967 1805 2179 1869 chnrch,
2197 1806 2308 1858 last
2328 1806 2462 1859 held
2482 1806 2548 1874 by
2580 1805 2792 1861 Walter
2807 1808 2873 1859 de

489 1888 709 1951 Barres,
746 1890 796 1941 is
817 1888 1120 1955 presented
1145 1893 1199 1942 to
1235 1888 1326 1941 tlte
1347 1888 1598 1957 prebend
1624 1888 1690 1957 by
1721 1888 1970 1941 Matilda
2008 1888 2076 1940 de
2119 1888 2168 1941 C
2162 1893 2403 1957 nrtenay,
2438 1888 2559 1941 and
2589 1889 2880 1942 instituted

489 1970 735 2038 thereto]

536 2089 1112 2155 BUKINGEHAM:
1197 2089 2211 2165 WoTTESDON.—Alexander‚
2285 2090 2399 2171 qui
2485 2091 2666 2172 prius
2752 2091 2875 2154 fuit

352 2194 641 2257 vicarius
689 2195 753 2256 in
802 2192 1143 2276 prebenda
1187 2194 1465 2256 ecclesie
1511 2193 1596 2256 de
1642 2193 2106 2269 Wottesdone,
2151 2213 2353 2276 quam
2404 2193 2871 2267 Walterusde

358 2298 598 2360 Barres
661 2298 981 2380 proximo
1051 2297 1282 2373 tenuit,
1342 2296 1428 2359 ad
1497 2296 1781 2360 eandem
1852 2296 2261 2379 prebendam
2338 2318 2456 2379 per
2529 2297 2873 2362 dominam

359 2401 767 2464 Matillidem
815 2400 901 2464 de
955 2400 1296 2482 Curtenay
1343 2410 1782 2482 presentatuS,
1829 2400 2006 2463 facta
2053 2401 2233 2483 prius
2285 2401 2711 2482 inquisitione
2759 2423 2875 2484 per

357 2505 739 2570 Officialem
803 2504 1277 2567 Archidiaconi
1342 2503 2030 2585 BukingehamiensiS,
2082 2524 2198 2586 per
2257 2525 2460 2586 quam
2525 2507 2870 2587 negotium

356 2609 486 2673 suit
540 2610 608 2671 in
658 2609 1004 2690 expedito,
1036 2608 1367 2671 admissus
1420 2618 1539 2681 est,
1585 2618 1652 2670 et
1708 2609 1774 2670 in
1830 2629 1910 2671 ea
1963 2608 2281 2670 canonice
2311 2590 2692 2672 'institutus
2787 2609 2878 2673 Et

358 2712 760 2777 mandatum
792 2723 895 2777 est
927 2713 1108 2776 dicto
1142 2713 1449 2789 officiali,
1480 2722 1602 2776 etc.

356 2897 633 2966 [Thomas
653 2895 722 2949 de
743 2896 1136 2965 Bensingtone,
1163 2895 1439 2964 chaplain,
1465 2896 1515 2949 is
1546 2895 1841 2949 instituted
1856 2896 2158 2964 perpetuat
2185 2896 2345 2949 vicar
2361 2896 2433 2964 os
2456 2895 2837 2965 Shabbington
2853 2913 2881 2958 ,-

480 2979 780 3048 presented
796 2979 863 3048 by
878 2979 971 3032 tlte
993 2978 1166 3032 Prior
1183 2977 1304 3030 and
1326 2979 1578 3031 Conveni
1594 2980 1666 3047 os
1688 2977 2086 3047 Wallingford.
2165 2978 2276 3031 The
2296 2978 2674 3031 endowments
2694 2980 2766 3047 os
2790 2978 2880 3032 tlte

491 3062 755 3129 mearage
775 3076 874 3114 are
893 3066 976 3114 set
993 3066 1102 3113 out.
1177 3061 1291 3114 The
1323 3062 1481 3113 vicar
1508 3061 1664 3114 shall
1683 3065 1801 3128 pay
1833 3060 1924 3113 tlte
1954 3060 2215 3124 sinodals,
2239 3059 2362 3112 and
2390 3060 2480 3113 tlte
2514 3060 2710 3113 monks
2729 3059 2884 3113 shall

492 3145 765 3197 entertain
788 3142 880 3195 tlte
899 3144 953 3196 A
958 3143 1268 3206 rchdeacon,
1294 3143 1392 3195 bnt
1410 3143 1501 3196 the
1524 3142 1722 3195 monks
1742 3142 1866 3195 and
1881 3142 1972 3195 tlte
1984 3143 2144 3195 vicar
2157 3142 2309 3194 shall
2328 3142 2388 3194 be
2409 3142 2738 3210 responsible
2750 3146 2881 3210 pro·

481 3225 977 3294 pom'onatetysor
993 3224 1086 3277 tlte
1089 3224 1287 3292 fabric
1302 3225 1374 3293 os
1385 3224 1476 3278 tlte
1498 3224 1732 3288 chancel,
1759 3224 1851 3276 the
1872 3230 2192 3277 ornaments
2212 3224 2334 3277 and
2350 3224 2550 3293 books]

541 3345 1116 3409 BumNGEHAM:
1166 3343 2025 3409 SOB1NT0NE.—Thomas
2071 3343 2156 3406 de
2211 3344 2681 3426 Bensingtone,
2721 3365 2875 3427 cap-

358 3450 686 3533 pellanuS,
717 3458 1139 3531 presentatus
1172 3469 1288 3531 per
1322 3449 1614 3512 Priorem
1648 3458 1718 3511 et
1763 3458 2168 3511 conventum
2219 3448 2304 3511 de
2352 3448 2877 3531 Walingeforde‚

326 3621 331 3624 ,
358 3554 446 3618 ad
481 3564 874 3638 perpetuam
909 3554 1223 3616 vicariam
1255 3552 1532 3616 ecclesie
1556 3552 1643 3616 de
1670 3552 2062 3628 Sobintone,
2084 3551 2460 3615 ordinatam
2484 3553 2879 3615 auctoritate

359 3657 645 3723 Concilii
677 3656 1024 3740 generaliS,
1057 3656 1231 3720 facta
1278 3657 1707 3738 inquisitione
1752 3677 1872 3738 per
1916 3657 2011 3732 R„
2047 3655 2617 3719 Archidiaconum
2657 3655 2881 3720 Hunt-

358 3762 892 3845 ingdoniensem,
912 3759 1288 3826 Officialem
1321 3760 1576 3823 domini
1613 3759 2171 3836 Lincolniensem,
2196 3760 2531 3823 admissus
2562 3770 2681 3837 est,
2705 3769 2774 3823 et
2806 3760 2874 3823 in

357 3888 439 3931 ea
486 3867 810 3930 canonice
859 3874 1220 3947 perpetuus
1263 3865 1546 3927 vicarius
1594 3866 1953 3928 institutus,
2057 3864 2380 3928 Consistit
2427 3874 2650 3927 autem
2699 3863 2879 3927 dicta

359 3971 609 4035 vicaria
642 3971 708 4033 in
741 3979 886 4032 toto
933 3968 1257 4051 altaragio
1303 3968 1478 4032 illius
1524 3969 1819 4045 ecclesie,
1849 3977 1917 4032 et
1965 3969 2030 4030 in
2079 3968 2357 4031 decimis
2403 3967 2635 4030 decem
2667 3968 2879 4051 virga-

357 4087 581 4140 tarum
635 4084 826 4150 terre,
872 4073 1142 4149 scilicet,
1187 4072 1469 4135 duarum
1518 4073 1922 4155 virgatarum
1971 4072 2057 4135 de
2102 4071 2439 4135 dominico
2487 4070 2765 4134 ecclesie
2813 4081 2882 4134 et

361 4181 559 4244 unius
605 4180 861 4261 virgate
907 4198 1109 4260 quam
1168 4178 1472 4260 Rogerus
1524 4176 1729 4242 Suein
1773 4187 1975 4252 tenet,
2016 4186 2084 4239 et
2134 4177 2328 4239 unius
2381 4176 2636 4257 virgate
2676 4195 2879 4256 quam

361 4282 694 4347 Ricardus
727 4281 897 4345 filius
935 4280 1322 4345 Herewardi
1356 4291 1557 4355 tenet,
1580 4291 1649 4344 et
1681 4282 1876 4344 unius
1902 4282 2156 4362 virgate
2186 4299 2387 4361 quam
2419 4278 2639 4342 Matist
2664 4278 2881 4342 Comb

359 4398 546 4452 tenet
576 4398 646 4450 et
679 4387 873 4449 unius
896 4387 1152 4468 virgate
1183 4406 1385 4467 quam
1424 4384 1629 4467 Hugo
1655 4384 1927 4467 Auceps
1958 4395 2025 4447 et
2054 4383 2466 4466 Reginaldus
2494 4383 2880 4465 Pelliparius

357 4501 614 4567 tenent,
645 4500 715 4553 et
761 4490 954 4553 unius
1000 4490 1255 4571 virgate
1301 4509 1502 4570 quam
1539 4487 1878 4553 Gilbertus
1926 4486 2098 4549 filius
2149 4485 2537 4550 Herewardi
2584 4496 2769 4549 tenet
2813 4496 2882 4549 et

360 4596 561 4659 unius
585 4595 843 4677 virgate
867 4613 1068 4676 quam
1098 4592 1432 4656 Robertus
1459 4593 1729 4675 Auceps
1763 4601 1832 4654 et
1862 4590 2066 4671 Hugo
2091 4589 2176 4653 de
2209 4589 2272 4653 la
2302 4589 2509 4653 Heise
2539 4598 2788 4665 tenent,
2812 4598 2881 4653 et

358 4698 559 4761 unius
584 4697 840 4777 virgate
870 4717 1072 4779 quam
1108 4696 1324 4771 Berta,
1343 4695 1560 4773 vidua,
1586 4705 1786 4772 tenet,
1811 4705 1878 4759 et
1905 4696 2096 4757 unius
2121 4695 2375 4777 virgate
2398 4713 2599 4776 quam
2629 4692 2880 4756 Willel-

361 4823 513 4866 mus
539 4801 806 4886 Sweing
836 4810 1052 4878 tenet;
1086 4801 1390 4863 consistit
1419 4801 1620 4863 etiam
1656 4801 1723 4862 in
1757 4798 1966 4863 tribus
1989 4799 2227 4861 annuis
2252 4798 2598 4860 carectatis
2619 4796 2704 4860 de
2729 4796 2881 4860 feno

362 4905 863 4969 monachorum.
956 4903 1260 4967 Vicarius
1293 4913 1518 4966 autem
1551 4902 1879 4966 sinodalia
1909 4901 2259 4984 persolvet,
2290 4911 2358 4964 et
2391 4900 2697 4964 monachi
2731 4900 2882 4962 hos-

364 5010 604 5092 pitium
654 5006 1128 5072 Archidiaconi
1180 5007 1534 5070 invenient.
1628 5006 1740 5069 Ad
1787 5004 2104 5068 fabricam
2153 5024 2309 5068 vero
2354 5002 2631 5066 cancelli
2680 5010 2749 5065 et
2794 5002 2880 5064 ad

494 5118 638 5172 vox..
667 5116 738 5171 11.
2716 5123 2751 5165 ε
