3596 5866
1135 569 1489 665 Epzkcopi
1519 569 2085 643 Lz'ncolnz'ensz's.
2230 642 2240 651 ,
2728 594 2763 642 2
2777 594 2814 663 5
2836 594 2859 640 1

350 807 615 871 redditu
672 821 930 893 septem
979 811 1342 875 solidorum
1390 822 1457 876 et
1504 811 1613 875 viii
1662 812 2085 876 denariorum
2134 812 2219 874 de
2270 811 2608 895 Hospitali
2658 810 2868 876 sancti

346 914 603 995 Jacobi‚
635 915 765 979 sito
799 916 862 977 in
895 915 1132 979 eadem
1167 916 1530 999 parrochia,
1550 926 1618 978 et
1644 908 2250 999 xx'den[ariorum]
2283 915 2368 979 de
2388 916 2559 980 tofto
2586 916 2869 980 Arnaldi

350 1018 413 1082 le
445 1019 739 1103 Tippere
770 1022 1115 1085 annuatim
1153 1020 1617 1105 percipiendo;
1667 1021 1827 1084 item
1862 1021 1927 1083 in
1962 1021 2240 1103 decimis
2260 1021 2616 1103 garbarum
2637 1031 2705 1085 et
2739 1019 2870 1083 feni

347 1124 435 1187 de
484 1124 601 1186 xiii
649 1125 921 1206 virgatis
954 1135 1124 1188 terre
1171 1125 1579 1208 subscriptiS,
1612 1125 1920 1189 videlicet
1952 1126 2037 1188 de
2066 1124 2349 1188 dimidia
2395 1127 2655 1208 virgata
2701 1136 2872 1189 terre

352 1227 643 1291 Edward
697 1228 757 1291 le
791 1229 1186 1306 Neubonde,
1216 1230 1301 1293 de
1346 1229 1626 1293 dimidia
1672 1230 1930 1312 virgata
1976 1240 2146 1293 terre
2182 1229 2563 1293 Battehulle
2595 1229 2745 1313 [ete.
2796 1249 2870 1291 as

346 1330 563 1394 above
595 1351 654 1413 p.
679 1346 800 1411 235
831 1342 902 1395 to
925 1339 956 1364 “
972 1333 1026 1395 F
1029 1332 1374 1415 ulkonis'’].
1453 1333 1827 1398 Sustinebit
1851 1344 2074 1396 autem
2105 1353 2389 1415 persona
2413 1336 2645 1397 omnia
2670 1352 2875 1396 onera

346 1434 685 1498 ordinaria
743 1435 993 1500 dictam
1057 1438 1405 1501 ecclesiam
1468 1438 1944 1520 contingentia,
1994 1437 2224 1500 debita
2270 1447 2337 1500 et
2384 1447 2752 1513 consueta;
2804 1445 2872 1498 et
2930 1461 2941 1476 ·

347 1538 753 1602 ministrabit
788 1542 1220 1622 personaliter
1240 1543 1305 1604 in
1326 1541 1580 1605 eadem.
1675 1542 1780 1605 De
1806 1541 2116 1604 oneribus
2138 1562 2289 1604 vero
2315 1538 2872 1603 extraordinariis

343 1642 509 1706 dicti
562 1645 868 1708 monachi
919 1667 1038 1728 pro
1087 1648 1396 1728 portione
1442 1668 1561 1709 sua
1610 1645 2148 1729 respondebunt;
2196 1645 2397 1713 salvis
2447 1657 2570 1710 etc.
2666 1644 2869 1728 Quod

345 1756 421 1809 ut
470 1758 617 1824 ete„
661 1749 941 1812 testibus
986 1761 1054 1813 et
1100 1750 1260 1813 data
1307 1761 1379 1813 ut
1419 1752 1485 1814 in
1533 1761 1715 1813 carta
1765 1751 2072 1833 Magistri
2125 1750 2403 1813 Roberti
2455 1770 2740 1832 persone
2786 1748 2873 1812 de

345 1850 637 1915 Grauele
677 1851 744 1914 in
774 1852 1317 1918 archidiaconatu
1359 1854 1888 1936 Huntingdonie.

343 2236 563 2304 [Grani
578 2238 645 2306 by
665 2239 756 2291 tlte
777 2239 994 2306 Bishop
1017 2246 1072 2293 to
1096 2241 1185 2293 the
1207 2256 1412 2293 canons
1432 2241 1504 2307 of
1517 2240 1754 2294 Llncoln
1781 2242 1853 2308 of
1869 2257 1910 2306 ,ς
1933 2240 2122 2293 marks
2143 2256 2180 2291 a
2202 2255 2347 2307 year
2370 2241 2528 2305 from
2553 2240 2645 2293 tlte
2668 2240 2871 2293 churclt
2939 2214 2943 2217 ⁵

474 2321 547 2386 os
559 2320 903 2389 Brocklesby‚
928 2322 1122 2385 Lina..
1148 2322 1271 2375 aud
1286 2340 1354 2388 45
1377 2323 1565 2375 marks
1579 2323 1744 2391 from
1779 2322 2130 2384 Hambleton‚
2158 2322 2422 2385 Rullum,
2449 2324 2511 2375 in
2542 2328 2874 2391 augmenta·

475 2404 594 2455 tion
618 2404 691 2469 os
704 2403 853 2457 their
869 2406 1201 2474 communa]

526 2523 938 2587 BRocsLssv.
1038 2524 2010 2588 HAMEL1D0NE.—Omnibus
2055 2535 2177 2588 etc.
2274 2524 2553 2588 Noverit
2611 2526 2869 2588 univer-

341 2628 507 2689 sitas
539 2638 759 2690 vestra
790 2648 913 2690 nos
948 2649 1066 2710 pro
1097 2629 1312 2691 salute
1343 2629 1564 2691 anime
1597 2639 1821 2692 nostre
1852 2640 1920 2692 et
1966 2638 2459 2692 antecessorum
2496 2640 2565 2692 et
2611 2650 2868 2693 succes-

343 2752 569 2793 sorum
606 2741 982 2794 nostrorum
1017 2732 1101 2794 ad
1151 2732 1470 2795 bonorem
1508 2732 1634 2795 Dei
1683 2743 1750 2795 et
1795 2732 2081 2814 gloriose
2113 2731 2430 2814 VirginiS,
2462 2731 2548 2794 de
2594 2753 2867 2796 assensu

344 2835 667 2899 Willelmi
707 2835 960 2898 Decani
992 2846 1060 2898 et
1103 2836 1374 2918 capituli
1424 2837 1629 2900 nostri
1684 2837 2004 2911 Lincoln’,
2037 2837 2443 2899 concessisse
2489 2846 2556 2899 et
2604 2836 2869 2900 dedisse

344 2942 407 3004 in
444 2941 742 3016 liberam,
776 2962 1008 3023 puram
1043 2952 1110 3004 et
1145 2951 1537 3023 perpetuam
1570 2942 2010 3005 elemosinam
2043 2942 2385 3004 canonicis
2432 2941 2680 3005 ibidem
2720 2943 2870 3007 Deo

340 3045 785 3108 servientibus
815 3056 882 3108 et
915 3045 1254 3108 servituris
1297 3046 1362 3107 in
1413 3056 1812 3127 perpetuum
1861 3055 2296 3128 augmentum
2348 3065 2706 3109 commune
2752 3068 2871 3110 sue

340 3169 492 3212 cum
530 3149 829 3230 quinque
862 3148 1100 3210 marcis
1133 3148 1219 3211 de
1249 3148 1528 3211 ecclesia
1559 3147 1644 3211 de
1680 3148 2008 3229 Brocleby
2038 3149 2202 3211 alias
2235 3149 2359 3211 sibi
2410 3169 2527 3230 per
2558 3169 2680 3211 nos
2712 3170 2869 3212 con·

339 3237 563 3327 cessis,
610 3250 1057 3334 quadraginta
1117 3252 1412 3333 quinque
1475 3273 1731 3314 marcas
1791 3252 1877 3314 de
1937 3252 2213 3315 ecclesia
2276 3252 2360 3315 de
2416 3252 2870 3316 Hamelidone

339 3376 492 3418 cum
531 3356 845 3437 proximo
876 3356 1211 3420 vacaverit
1243 3357 1591 3419 annuatim
1627 3357 1691 3419 in
1726 3356 1990 3419 duobus
2023 3357 2178 3419 anni
2211 3356 2530 3433 terminiS,
2557 3356 2867 3420 videlicet

340 3460 403 3522 in
440 3459 618 3522 festo
649 3459 863 3522 sancti
902 3459 1174 3523 Martini
1209 3461 1356 3523 xxii
1392 3481 1650 3523 marcas
1681 3471 1749 3523 et
1795 3460 2164 3536 dimidiam,
2195 3470 2265 3523 et
2311 3461 2377 3523 in
2426 3460 2596 3523 festo
2630 3461 2869 3524 Pente-

339 3563 502 3627 cost’
552 3564 704 3626 xxii
761 3584 1017 3626 marcas
1067 3575 1134 3627 et
1185 3563 1552 3640 dimidiam,
1602 3563 1956 3627 solvendas
2011 3563 2189 3646 apud
2250 3564 2665 3627 Lincolniam
2724 3585 2869 3646 pre-

341 3668 564 3749 posito
597 3687 956 3729 commune
984 3688 1100 3749 per
1125 3688 1361 3730 manus
1381 3688 1631 3745 eorum,
1655 3669 1766 3750 qui
1803 3689 1923 3750 pro
1944 3678 2244 3750 tempore
2269 3669 2482 3750 ipsam
2515 3667 2864 3731 ecclesiam

340 3772 697 3847 tenuerint,
729 3771 1120 3834 instituendi
1154 3792 1271 3854 per
1302 3792 1423 3834 nos
1454 3783 1521 3835 et
1562 3791 1975 3834 successores
2016 3781 2294 3846 nostrOS,
2327 3782 2646 3852 patronos
2693 3769 2866 3851 ejus-

339 3874 518 3951 dem,
548 3874 662 3956 qui
712 3873 798 3936 de
845 3873 990 3956 ipsa
1029 3874 1312 3938 ecclesia
1350 3885 1419 3938 et
1463 3875 1775 3938 omnibus
1810 3875 2229 3957 pertinentiis
2262 3874 2397 3936 suis
2430 3873 2868 3956 disponemus

338 3987 407 4041 et
437 3976 902 4040 ordinabimus
935 3977 1000 4040 in
1037 3989 1430 4060 perpetuum
1482 3999 1601 4061 pro
1650 3979 1994 4042 voluntate
2025 3988 2252 4041 nostra
2296 3978 2498 4040 libere
2530 3987 2597 4039 et
2643 3977 2867 4058 quiete

339 4080 596 4162 absque
664 4081 848 4143 omni
926 4080 1470 4158 contradictione,
1531 4082 1715 4144 salvo
1795 4081 2090 4164 predicte
2165 4101 2524 4144 commune
2600 4080 2863 4144 redditu

340 4193 719 4247 memorato
768 4185 1115 4247 annuatim
1167 4184 1252 4247 de
1300 4184 1554 4248 eadem.
1651 4185 2027 4250 Statuimus
2080 4195 2305 4248 autern
2357 4183 2538 4267 quod
2587 4184 2700 4265 qui
2743 4205 2865 4266 pro

339 4297 646 4369 tempore
679 4288 1014 4350 tenuerint
1049 4289 1261 4370 ipsam
1296 4289 1665 4364 ecclesiam,
1700 4299 1770 4351 ut
1813 4289 2183 4370 predictum
2215 4298 2335 4364 est,
2368 4298 2862 4350 sacramentum

340 4392 592 4455 faciant
625 4390 968 4455 fidelitatis
1004 4392 1281 4455 Decano
1327 4403 1395 4456 et
1441 4393 1736 4475 capitulo
1788 4392 2086 4455 Lincoln'
2118 4393 2203 4455 de
2251 4391 2511 4455 redditu
2562 4391 2866 4474 predicto

341 4496 599 4578 integre
629 4506 697 4558 et
730 4495 874 4558 sine
903 4496 1348 4559 diminutione
1380 4497 1619 4578 aliqua,
1651 4496 1944 4578 periculo
1989 4506 2056 4559 et
2103 4496 2481 4579 sumptibus
2531 4506 2860 4559 rectorum

338 4599 726 4675 eorundem,
759 4600 1061 4663 terminis
1095 4601 1408 4683 predictis
1441 4600 1900 4683 persolvendO,
1924 4600 2356 4664 decernentes
2378 4602 2648 4683 insuper
2678 4602 2859 4683 quod

339 4704 392 4765 si
439 4702 684 4784 aliquis
731 4703 1027 4785 ipsorum
1078 4703 1417 4766 maliciose
1463 4714 1695 4767 contra
1741 4704 1868 4765 hoc
1915 4724 2209 4784 unquam
2243 4705 2468 4767 venire
2515 4725 2862 4786 presump-

339 4807 495 4870 serit
527 4816 598 4869 et
630 4805 931 4887 legitime
955 4809 1406 4871 commonitus
1453 4808 1577 4870 hoc
1609 4808 1969 4870 emendare
2001 4808 2303 4882 noluerit,
2337 4808 2556 4889 ipsum
2594 4828 2709 4890 per
2741 4828 2863 4870 nos

338 4921 404 4973 et
434 4930 854 4973 successores
885 4922 1149 4973 nostros
1180 4912 1267 4974 ab
1298 4911 1517 4974 officio
1547 4922 1614 4974 et
1647 4911 1970 4974 beneficio
2002 4911 2256 4974 tamdiu
2288 4911 2425 4974 fore
2457 4931 2857 4995 suspensum

338 5014 556 5077 donec
631 5034 833 5096 super
908 5014 1033 5076 hiis
1094 5014 1487 5078 satisfecerit
1562 5024 2038 5097 competenter,
2101 5015 2334 5096 majori
2404 5015 2607 5078 etiam
2688 5036 2862 5098 pena
