3596 5866
625 550 760 598 212
1219 559 1223 563 ·
1303 525 1577 597 Rotulz'
1619 524 1717 598 H
1713 525 1969 621 ugonis
2021 525 2105 597 de
2175 524 2439 596 Welles

623 761 771 828 [Tlte
791 762 1104 815 institution
1124 763 1195 829 of
1212 762 1336 830 Gay
1357 762 1425 814 de
1443 761 1636 814 Aricio
1656 766 1710 813 to
1734 762 1825 814 the
1847 760 2046 814 church
2070 762 2143 828 of
2157 761 2413 814 Moreton
2437 761 2735 829 Pinkney;
2752 777 2839 814 see
2850 764 2910 828 p.
2937 761 3069 829 κῃ]

796 881 1148 946 GILDENE
1198 881 2032 945 MORTONE.—Omnibus
2063 891 2185 943 ete.
2281 881 2557 944 Noverit
2586 891 2727 957 etc.‚
2759 879 2938 962 quod
2972 901 3121 942 cum

623 984 1013 1048 mandatum
1063 984 1399 1049 reverendi
1448 986 1656 1067 patris
1711 996 1780 1048 et
1826 985 2081 1048 domini
2130 985 2336 1047 nostri
2390 984 2673 1047 Honorii
2723 985 2904 1066 Pape
2949 983 3121 1046 tertii

622 1090 1097 1171 recepissemus
1141 1088 1227 1152 de
1272 1088 1689 1152 conferendis
1743 1089 1976 1170 viginti
2035 1089 2274 1152 marcis
2323 1089 2790 1170 sterlingorum
2855 1088 3122 1149 nomine

623 1192 923 1256 beneficii
961 1193 1287 1275 Magistro
1334 1191 1630 1255 Guidoni
1677 1192 1762 1255 de
1797 1192 2027 1255 Aricio
2073 1192 2419 1254 annuatim
2453 1192 2539 1255 de
2584 1211 2847 1254 camera
2879 1199 3120 1264 nostra,

620 1296 833 1360 donec
866 1295 1365 1380 provideremus
1410 1294 1630 1359 eidem
1681 1296 1745 1358 in
1796 1294 2119 1359 beneficio
2150 1296 2599 1359 ecclesiastico
2631 1295 2956 1377 ampliori,
3002 1314 3120 1357 nos

619 1400 704 1464 de
737 1421 1010 1464 assensu
1045 1400 1285 1463 Prioris
1309 1408 1379 1463 et
1410 1409 1778 1462 conventus
1810 1398 1896 1462 de
1941 1399 2221 1481 Esseby,
2253 1409 2685 1481 patronorum
2718 1399 2994 1461 ecclesie
3039 1397 3121 1461 de

622 1503 920 1567 Geldene
956 1504 1331 1579 Morthone,
1372 1503 1655 1567 eandem
1687 1503 2038 1567 ecclesiam
2060 1504 2548 1585 assignavimus
2580 1502 2764 1565 dicto
2800 1502 3119 1583 Magistro

621 1606 719 1684 G„
761 1618 830 1671 et
864 1608 1078 1691 ipsum
1114 1608 1179 1670 in
1211 1629 1291 1671 ea
1324 1628 1675 1690 personam
1711 1608 2120 1671 instituimus
2150 1617 2291 1682 etc.,
2326 1615 2397 1669 ut
2431 1608 2498 1669 in
2541 1605 2759 1669 rotulo
2788 1615 3119 1669 cartarum

620 1710 1193 1775 archidiaconatus
1244 1711 1470 1775 Oxon’
1510 1710 1817 1792 ejusdem
1873 1713 2029 1774 anni
2086 1711 2281 1794 plene
2331 1711 2575 1793 poterit
2625 1710 2921 1772 inveniri.
3017 1709 3119 1772 De

620 1816 745 1878 hoc
777 1816 978 1879 etiam
1014 1817 1284 1899 negotio
1316 1817 1633 1898 scriptum
1666 1826 1767 1879 est
1798 1838 1889 1879 ex
1923 1825 2111 1898 parte
2142 1816 2468 1897 opposita.

618 2160 705 2225 [T
696 2159 765 2212 lte
780 2159 1075 2213 ordinance
1096 2161 1169 2228 of
1181 2160 1272 2213 the
1289 2159 1504 2226 Bislwp
1523 2160 1692 2212 about
1706 2161 1796 2212 tlte
1819 2161 2019 2213 churclz
2044 2163 2115 2225 of
2139 2160 2365 2213 Weldon
2380 2177 2406 2221 ,·
2428 2159 2579 2212 Mar.
2603 2178 2682 2223 20,
2711 2162 2839 2211 1226
2850 2176 2879 2220 ,·
2899 2175 2985 2212 see
3005 2160 3123 2211 also

735 2246 798 2310 p.
825 2245 963 2309 [αἱ]

792 2364 1049 2428 CARTA
1126 2364 1698 2428 CANONICORUM
1777 2376 1875 2424 DE
1949 2362 2220 2425 LANDA
2286 2375 2524 2425 SUPER
2595 2374 2952 2426 Ecca-:sm
3021 2375 3118 2423 DE

617 2466 1510 2531 WELEDONE.—Omnibus
1556 2475 1682 2530 etc.
1776 2466 2055 2529 Noverit
2101 2476 2242 2542 ete„
2276 2466 2457 2548 quod
2491 2487 2612 2528 nos
2660 2466 2746 2528 de
2792 2485 3118 2528 consensu

620 2571 859 2633 Prioris
905 2581 973 2634 et
1004 2582 1371 2634 conventus
1403 2569 1489 2633 de
1524 2570 1778 2646 Landa,
1822 2580 2255 2652 patronorum
2288 2570 2565 2633 ecclesie
2611 2569 2695 2631 de
2730 2569 3122 2633 Welledune

616 2684 684 2737 et
746 2673 1173 2738 medietatem
1235 2684 1374 2737 tam
1437 2675 1695 2737 decime
1754 2675 2108 2757 garbarum
2172 2694 2373 2756 quam
2436 2684 2604 2736 terre
2679 2672 2979 2753 ejusdem
3054 2674 3119 2735 in

619 2779 899 2860 propriis
932 2778 1158 2840 usibus
1189 2778 1599 2853 habentium,
1631 2778 1973 2841 Willelmo
2003 2779 2206 2842 etiam
2239 2777 2587 2859 capellano
2619 2778 2824 2840 totius
2854 2777 3122 2839 alterius

620 2881 997 2946 medietatis
1044 2902 1325 2965 persona
1370 2882 1847 2958 consentiente,
1901 2882 2246 2965 cupientes
2301 2882 2641 2964 utriusque
2695 2881 2900 2964 partis
2946 2891 3121 2944 tran-

618 2985 927 3066 quillitati
975 2994 1041 3049 et
1090 2987 1234 3069 paci
1285 2987 1613 3069 provideri
1664 2988 1729 3049 in
1778 2996 2141 3068 posterum,
2174 3008 2372 3070 super
2420 2986 2655 3050 eadem
2706 2986 2984 3050 ecclesia
3030 2988 3122 3049 ita

618 3089 1088 3167 ordinavimuS,
1119 3090 1427 3154 videlicet
1458 3090 1636 3173 quod
1673 3089 1999 3154 medietas
2019 3091 2339 3173 alteragii,
2360 3111 2489 3172 que
2522 3092 2586 3152 in
2621 3100 2878 3172 partem
2900 3091 3118 3152 vicarii

621 3197 800 3277 prius
846 3196 1059 3272 cessit,
1090 3194 1175 3258 de
1229 3205 1449 3259 cetero
1495 3195 1692 3257 simul
1741 3215 1894 3258 cum
1943 3195 2073 3258 alia
2121 3195 2480 3259 medietate
2527 3195 2719 3258 cedet
2751 3197 2816 3257 in
2865 3205 3117 3277 partem

619 3300 779 3363 dicti
813 3299 1131 3362 Willelmi
1157 3309 1225 3361 et
1256 3318 1709 3361 successorum
1732 3319 2001 3361 suorum
2035 3298 2336 3379 ejusdem
2369 3300 2643 3362 ecclesie
2676 3319 3121 3380 personarum,

621 3405 714 3467 ita
773 3404 951 3486 quod
1014 3415 1229 3467 totum
1292 3404 1685 3486 alteragium
1749 3404 2093 3468 habebunt
2154 3425 2305 3467 cum
2359 3405 2752 3487 integritate.
2848 3405 3123 3468 Decime

619 3510 821 3571 etiam
854 3508 939 3572 de
972 3508 1370 3591 lapifodinis,
1401 3510 1578 3591 sepis
1619 3521 1687 3573 et
1734 3509 2151 3585 molendiniS‚
2184 3509 2454 3591 quando
2486 3508 2838 3584 dabuntur,
2871 3510 3123 3591 integre

621 3610 859 3675 cedent
923 3612 987 3674 in
1052 3622 1309 3694 partem
1375 3632 1852 3694 personarum;
1915 3615 2027 3695 qui
2090 3612 2359 3695 quidem
2413 3614 2639 3675 omnia
2700 3633 2900 3676 onera
2952 3612 3122 3674 illius

620 3715 895 3778 ecclesie
926 3714 1279 3792 ordinaria,
1312 3714 1539 3779 debita
1571 3727 1639 3778 et
1671 3727 2011 3793 consueta,
2041 3717 2464 3781 sustinebunt
2492 3739 2505 3792 ;
2537 3725 2604 3780 et
2637 3717 2897 3779 solvent
2928 3716 3121 3779 dictis

621 3821 956 3883 canonicis
987 3829 1272 3901 quatuor
1304 3841 1559 3884 marcas
1589 3843 1862 3900 annuaS,
1887 3822 2053 3885 duas
2079 3821 2163 3885 ad
2200 3822 2454 3885 Pascha
2477 3833 2545 3885 et
2564 3821 2732 3884 duas
2763 3821 2848 3884 ad
2881 3821 3120 3884 festum

622 3925 834 3987 sancti
901 3923 1266 4000 MichaeliS,
1320 3922 1487 3987 duas
1541 3927 1791 3989 scilicet
1840 3926 1926 3990 de
1988 3926 2347 3991 medietate
2408 3925 2706 4008 alteragii
2761 3946 2892 4007 que
2945 3926 3123 4008 prius

621 4028 819 4092 cessit
865 4028 930 4089 in
980 4036 1236 4109 partem
1286 4029 1525 4105 vicarii,
1573 4040 1642 4092 et
1688 4029 1855 4093 duas
1909 4051 2074 4112 quas
2121 4030 2205 4093 de
2254 4030 2463 4094 altera
2518 4030 2876 4093 medietate
2921 4030 3123 4092 totius

623 4131 900 4195 ecclesie
961 4131 1141 4214 prius
1201 4133 1539 4215 percipere
1592 4147 2096 4199 consueverunt.
2201 4136 2305 4198 De
2365 4133 2910 4198 extraordinariis
2970 4155 3124 4197 vero

622 4236 949 4313 oneribuS,
999 4236 1052 4298 si
1100 4238 1506 4315 emerserint,
1555 4239 1834 4321 predicti
1880 4240 2181 4304 canonici
2231 4239 2811 4323 proportionaliter
2842 4259 2961 4321 pro
3007 4260 3124 4301 sua

626 4349 767 4403 rata
812 4339 1324 4423 respondebunt.
1422 4342 1789 4408 Habebunt
1834 4345 2037 4408 etiam
2088 4345 2264 4408 idem
2298 4344 2401 4407 W.
2435 4355 2501 4409 et
2550 4364 2961 4407 successores
3007 4344 3125 4420 sui,

623 4442 923 4525 ejusdem
954 4446 1230 4509 ecclesie
1278 4468 1576 4528 persone,
1622 4450 2042 4536 capellanum
2091 4449 2342 4511 socium
2391 4449 2526 4531 suis
2573 4447 2968 4529 sumptibuS,
3012 4449 3123 4530 qui

625 4547 690 4608 in
722 4547 999 4611 ecclesia
1030 4549 1142 4612 illa
1171 4552 1367 4614 simul
1400 4572 1551 4614 cum
1586 4553 1744 4635 ipsis
1778 4555 1843 4616 in
1877 4553 2094 4617 officio
2126 4553 2520 4617 sacerdotali
2554 4553 2868 4617 continue
2901 4553 3124 4615 minis-

627 4651 845 4715 trabit.
961 4652 1441 4718 Ordinavimus
1516 4657 1720 4720 etiam
1782 4657 1964 4740 quod
2026 4659 2629 4740 quotienscumque
2696 4666 3124 4739 personatum

630 4753 998 4837 predictum
1034 4778 1266 4821 vacare
1299 4759 1671 4842 contigerit,
1718 4760 1997 4843 predicti
2048 4762 2308 4844 patroni
2356 4761 2775 4844 capellanum
2810 4759 3123 4824 idoneum

537 4891 562 4924 a
629 4858 820 4922 nobis
849 4869 918 4922 et
950 4863 1436 4926 successoribus
1462 4865 1703 4928 nostris
1723 4867 2096 4930 successive
2121 4865 2599 4949 presentabant
2630 4864 3124 4928 admittendum

626 4973 694 5035 et
741 4964 805 5025 in
852 4964 1129 5028 ecclesia
1178 4967 1516 5050 sepedicta
1564 4971 1882 5034 canonice
1934 4990 2284 5053 personam
2335 4969 2838 5045 instituendum,
2885 4969 2998 5053 qui
3050 4977 3121 5031 ut
