3596 5866
751 574 841 641 62
1148 577 1152 582 ’
1468 570 1739 642 Rotulz'
1789 568 2141 665 Hugonis
2192 568 2279 640 de
2348 568 2611 640 Welles

739 804 947 873 [Ralph
985 805 1053 858 de
1086 805 1449 874 Hilpestotpe,
1502 805 1779 874 chaplain,
1821 804 2119 872 presented
2149 803 2217 871 by
2256 802 2439 862 Miles,
2470 806 2684 870 parson
2715 803 2787 870 of
2823 802 2917 855 the
2950 802 3147 855 church
3187 803 3260 871 of

868 886 1122 956 Drayton
1165 887 1530 954 Beauchamp‚
1570 889 1619 939 is
1649 886 1941 939 instituted
1977 892 2031 939 to
2070 886 2161 938 the
2196 886 2459 953 vicarage
2502 884 2724 953 thereos
2756 884 2893 937 with
2930 891 3148 937 consent
3187 886 3260 954 of

876 969 1123 1023 W'lliam
1146 969 1214 1023 de
1237 969 1394 1023 Bello
1422 969 1641 1037 Campa,
1667 969 1757 1022 the
1767 973 1992 1037 patron.
2069 969 2183 1021 The
2204 969 2466 1035 vicarage
2488 968 2538 1019 is
2558 972 2640 1019 set
2657 967 2790 1036 out]

913 1109 1692 1174 DREITONE.—Octavo
1737 1109 2081 1173 Kalendas
2137 1108 2452 1173 Octobris
2506 1108 2901 1190 Radulphus
2955 1108 3040 1171 de
3098 1108 3245 1171 Hil-

735 1223 1065 1296 pestorpe,
1096 1213 1547 1296 cappellanu3‚
1579 1224 2000 1296 presentatus
2046 1234 2165 1295 per
2203 1212 2545 1288 Milonem,
2578 1232 2930 1294 personam
2968 1213 3247 1277 ecclesie

736 1316 822 1379 de
871 1317 1213 1394 Dreitone,
1262 1317 1347 1382 de
1393 1338 1720 1381 consensu
1773 1318 2092 1380 Willelmi
2146 1317 2232 1381 de
2281 1317 2468 1380 Bello
2506 1317 2784 1397 Camp0,
2832 1318 3111 1400 patroni,
3156 1318 3245 1381 ad

735 1421 1046 1483 vicariam
1093 1420 1395 1502 ejusdem
1442 1422 1735 1498 ecclesie,
1768 1422 1944 1485 sacta
1991 1423 2171 1504 prius
2220 1422 2649 1503 inquisitione
2695 1442 2812 1503 per
2867 1421 3243 1486 Officialem

736 1523 1435 1607 Bukinghamiensem,
1486 1525 1817 1589 admissus
1877 1535 1980 1589 est
2031 1538 2099 1589 et
2146 1526 2426 1588 vicarius
2473 1534 2834 1607 perpetuus
2881 1525 3243 1589 institutus

733 1626 1056 1691 Consistit
1087 1639 1313 1692 autem
1345 1628 1527 1692 dicta
1557 1630 1802 1720 vicaria
1841 1630 1905 1691 in
1948 1639 2092 1692 toto
2131 1629 2455 1711 altaragio
2499 1629 2704 1710 ipsius
2747 1628 3024 1692 ecclesie
3061 1639 3129 1692 et
3174 1630 3242 1692 in

731 1726 1042 1790 omnibus
1095 1727 1370 1791 decimis
1424 1729 1508 1792 ad
1570 1729 1855 1792 eandem
1916 1729 2265 1792 ecclesiam
2330 1727 2834 1811 pertinentibuS,
2895 1749 3025 1810 que
3085 1740 3245 1792 sunt

734 1832 906 1895 ultra
948 1832 1305 1896 Waleweie
1357 1855 1446 1897 ex
1495 1843 1683 1916 parte
1734 1834 2168 1911 meridionali,
2213 1844 2281 1897 et
2324 1835 2389 1896 in
2429 1833 2723 1916 quodam
2777 1853 3012 1895 manso
3058 1834 3242 1916 quod

730 1946 832 1999 est
864 1936 1034 1999 inter
1065 1937 1462 2001 cimiterium
1506 1948 1574 2001 et
1622 1957 1926 2000 mansum
1977 1937 2271 2000 ecclesie.
2368 1937 2458 2001 Et
2505 1936 2877 2018 injunctum
2925 1947 3028 2000 est
3057 1936 3243 2000 dicto

733 2039 1040 2117 Officiali,
1069 2050 1191 2104 etc.

727 2252 969 2321 [Walter
985 2253 1196 2313 Russel,
1209 2255 1503 2322 presented
1519 2254 1586 2323 by
1612 2254 1769 2321 John
1792 2255 1996 2308 Russel
2024 2254 2091 2318 by
2111 2256 2294 2308 virtue
2325 2255 2398 2323 of
2419 2254 2509 2306 the
2541 2253 2829 2322 wardship
2861 2255 2934 2322 os
2955 2255 3045 2308 tlte
3077 2256 3246 2309 lands

856 2335 978 2387 and
994 2335 1415 2404 heirofJames
1450 2336 1517 2389 de
1539 2336 1704 2390 Novo
1722 2337 1986 2397 Mercaato⁹
2010 2336 2132 2388 and
2158 2337 2224 2404 by
2241 2336 2399 2402 John
2432 2335 2499 2388 de
2533 2335 2749 2389 Botrell
2778 2336 2839 2388 in
2872 2336 3034 2405 right
3061 2339 3132 2406 of
3151 2338 3245 2389 his

857 2418 1003 2486 wife,
1030 2419 1080 2470 is
1114 2418 1404 2471 instituted
1438 2424 1491 2471 to
1527 2418 1618 2471 the
1660 2418 1861 2472 church
1898 2420 1970 2487 os
1998 2417 2346 2471 Hardwicke.
2421 2418 2558 2475 Otto.
2595 2417 2684 2470 tlte
2726 2432 2826 2469 son
2870 2418 2942 2486 qf
2974 2418 3238 2481 William,

857 2514 1150 2552 renounces
1186 2499 1278 2551 his
1311 2500 1492 2561 claim,
1544 2501 1667 2553 and
1700 2501 1791 2554 the
1826 2502 2089 2569 vicarage
2125 2500 2198 2568 qs
2221 2499 2410 2553 Adam
2450 2499 2540 2552 the
2578 2499 2838 2567 chaplain
2883 2501 2932 2551 is
2969 2500 3239 2553 reserved.

869 2580 1080 2634 Walter
1097 2582 1147 2634 is
1168 2587 1222 2634 to
1243 2582 1302 2634 be
1324 2582 1595 2634 ordained
1610 2583 1947 2635 sub-deaoen.

911 2716 1701 2782 HERDEWIC.—Eodem
1762 2716 1872 2780 die
1933 2717 2270 2780 Walterus
2335 2716 2593 2791 Russel,
2641 2727 3061 2798 presentatus
3122 2739 3242 2801 per

729 2819 1107 2902 Johannem
1147 2821 1404 2898 Russel,
1436 2822 1691 2885 ratione
1723 2821 2024 2885 custodie
2057 2831 2226 2884 terre
2256 2830 2324 2883 et
2367 2818 2625 2883 heredis
2655 2818 2889 2901 Jacobi
2922 2821 3007 2885 de
3042 2822 3239 2885 Novo

735 2925 1037 2989 Mercato
1084 2946 1286 3009 quam
1336 2925 1555 3002 habet,
1600 2935 1668 2989 et
1714 2947 1833 3008 per
1877 2925 2253 3007 Johannem
2301 2923 2388 2987 de
2436 2923 2704 3000 BotreH,
2752 2925 3008 2989 ratione
3054 2925 3236 2990 here-

733 3028 964 3092 ditatis
997 3031 1229 3092 uxoris
1261 3050 1395 3107 sue,
1427 3030 1512 3093 ad
1545 3030 1893 3094 ecclesiam
1926 3029 2012 3093 de
2049 3028 2417 3104 Herdewic,
2449 3026 2693 3105 Otone,
2726 3027 2861 3091 filio
2893 3029 3237 3107 willelmi,

730 3134 843 3215 qui
871 3132 980 3214 jus
1013 3133 1140 3196 sibi
1173 3134 1551 3198 vendicavit
1583 3135 1648 3196 in
1683 3133 1793 3197 illa
1825 3133 2121 3208 ecclesia,
2153 3133 2574 3195 renuntiante
2621 3133 2800 3215 prius
2841 3132 3060 3196 eidem
3087 3132 3238 3214 juri,

728 3248 797 3301 et
845 3237 1021 3301 sacta
1069 3238 1250 3320 prius
1297 3239 1723 3320 inquisitione
1770 3258 1888 3320 per
1938 3236 2309 3301 Officialem
2363 3236 3064 3319 Bukinghamiensem,
3094 3249 3238 3314 etc„

727 3340 1058 3404 admissus
1113 3351 1215 3405 est
1274 3351 1342 3405 et
1403 3342 1468 3405 in
1530 3362 1611 3405 ea
1669 3342 1989 3405 canonice
2050 3359 2334 3423 persona
2395 3340 2755 3415 institutuS,
2816 3341 3000 3404 salva
3063 3341 3234 3419 Ade,

729 3445 1141 3527 cappellanO,
1195 3444 1681 3527 quoadvixerit,
1727 3446 1972 3507 vicaria
2017 3464 2138 3506 sua
2182 3463 2381 3526 quam
2432 3443 2634 3506 habet
2682 3444 2746 3505 in
2794 3443 3046 3507 eadem.
3143 3445 3234 3508 Et

730 3549 1102 3630 injunctum
1156 3558 1258 3612 est
1310 3548 1492 3611 dicto
1547 3547 1852 3624 Officiali,
1900 3558 2042 3623 etc„
2093 3546 2274 3630 quod
2330 3546 2696 3610 secundum
2753 3548 3033 3611 sormam
3089 3569 3233 3631 pre-

732 3654 1022 3729 missam,
1096 3662 1218 3716 etc.
1345 3652 1532 3715 Idem
1609 3662 1835 3715 autem
1914 3651 2249 3714 Walterus
2326 3650 2411 3713 ad
2498 3647 2889 3714 mandatum
2978 3651 3232 3715 domini

732 3757 1048 3839 Episcopi
1081 3756 1301 3819 veniet
1332 3755 1741 3819 ordinandus
1775 3756 1840 3818 in
1874 3755 2372 3818 subdiaconum.
2466 3754 2673 3818 Venit
2703 3754 2991 3837 quidem.

903 3859 1014 3944 [In
1047 3859 1152 3923 tlte
1184 3859 1445 3941 margin
1475 3858 1607 3942 :—]
1653 3859 1807 3922 Non
1840 3859 2164 3922 habemus
2197 3859 2448 3922 litteras
2482 3860 3007 3941 presentationis,

728 4080 960 4149 [Hemy‚
997 4080 1269 4147 chaplain,
1296 4079 1592 4147 presented
1622 4079 1689 4148 by
1721 4079 1813 4132 the
1850 4079 2026 4132 Prior
2054 4078 2174 4131 and
2211 4078 2465 4131 Convent
2496 4078 2568 4146 of
2603 4078 2874 4145 Newport
2904 4079 3159 4148 Pagnell,
3185 4083 3236 4134 is

854 4162 1145 4216 instituted
1162 4168 1216 4215 to
1239 4161 1330 4216 the
1348 4163 1647 4229 perpetual
1664 4163 1926 4230 vicarage
1947 4163 2018 4230 of
2032 4160 2332 4214 Bradwell.
2406 4160 2521 4212 The
2541 4161 2803 4229 vicarage
2824 4163 2875 4213 is
2893 4167 2978 4214 set
2993 4163 3124 4232 out]

904 4300 1528 4362 BRADEWELLE.—-
1541 4298 1802 4361 Eodem
1835 4297 1945 4361 die
1974 4297 2321 4373 Henricus‚
2341 4296 2790 4378 cappellanus
2815 4311 3234 4379 presentatus

729 4426 846 4487 per
901 4405 1193 4467 Priorem
1249 4413 1318 4466 et
1369 4411 1773 4465 conventum
1835 4401 1921 4465 de
1978 4401 2039 4464 N
2046 4410 2285 4483 euport
2335 4400 2421 4463 ad
2477 4411 2868 4482 perpetuam
2917 4403 3232 4467 vicariam

725 4508 1002 4572 ecclesie
1061 4506 1147 4569 de
1210 4505 1631 4582 Bradewelle‚
1694 4505 1868 4568 sacta
1929 4505 2110 4586 prius
2172 4504 2599 4586 inquisitione
2675 4525 2793 4586 per
2853 4504 3229 4571 Officialem

729 4610 1428 4694 Bukinghamiensem,
1502 4619 1644 4686 ete„
1720 4608 2051 4683 admissus
2126 4617 2228 4671 est
2324 4617 2392 4671 et
2489 4608 2770 4671 vicarius
2869 4621 3231 4693 perpetuus

728 4716 1082 4779 institutus
1178 4713 1268 4777 Et
1316 4713 1619 4776 consistit
1673 4712 1784 4775 illa
1838 4712 2082 4774 vicaria
2135 4712 2200 4774 in
2256 4720 2400 4774 toto
2454 4710 2783 4794 altelagiO,
2836 4723 2904 4776 et
2951 4713 3232 4779 dimidia

728 4820 984 4902 virgata
1032 4828 1203 4881 terre
1255 4826 1323 4880 et
1366 4817 1709 4899 mesuagio
1762 4815 1849 4879 ad
1889 4816 2238 4879 ecclesiam
2280 4815 2782 4897 pertinentibus
2820 4827 2888 4880 et
2928 4818 2992 4881 in
3034 4820 3233 4883 tertia

728 4934 915 5006 parte
960 4922 1313 5005 garbarum
1361 4921 1636 4984 decimis
1683 4921 1748 4982 in
1800 4921 1923 5003 ipsi
1970 4919 2285 5002 parochia
2330 4920 2888 5001 provenientibus
2982 4922 3073 4986 Et
3134 4925 3231 4987 in-

721 5028 1028 5112 junctum
1060 5036 1162 5090 est
1195 5025 1480 5090 officiali
1517 5024 2131 5108 Bukinghamiensi,
2162 5036 2303 5102 eto,
2335 5023 2533 5105 quod,
2564 5035 2685 5087 ete.
