3596 5866
712 559 850 629 218
1284 565 1288 570 ’
1412 556 1681 631 Rotulz'
1710 554 1809 631 H
1807 559 2063 655 ugom's
2116 558 2203 631 de
2256 554 2518 631 Welles

707 799 1115 863 meritorium
1182 808 1525 881 reputatur
1590 798 1771 881 quod
1834 799 1919 862 ad
1983 799 2369 882 pupplicarn
2434 799 2791 862 utilitatem
2862 800 3216 875 confertur,

706 904 1203 966 universitatem
1246 913 1534 966 vestram
1583 923 1934 966 monemus
1966 913 2034 966 et
2072 902 2512 966 exhortamur
2552 903 2616 965 in
2656 903 2971 979 Domin0,
3002 904 3217 985 quati-

705 1028 827 1070 nus
874 1008 957 1070 ad
1006 1008 1572 1070 constructionem
1621 1018 1691 1071 et
1738 1008 2316 1071 conservationem
2374 1008 2596 1089 pontis
2649 1005 2735 1069 de
2784 1007 3216 1090 Rokingham

703 1122 844 1186 ete„
875 1110 977 1191 (ut
1013 1112 1075 1173 in
1112 1110 1330 1174 rotulo
1362 1122 1695 1174 cartarum
1741 1112 1897 1174 anni
1934 1113 2090 1174 noni
2134 1132 2174 1173 a
2204 1122 2395 1193 tergo
2436 1132 2645 1193 usque
2690 1110 3134 1174 “duraturam
3158 1113 3218 1192 ”)

705 1215 1135 1298 prohibentes
1166 1236 1250 1280 ne
1291 1237 1443 1279 cum
1486 1216 1612 1278 hiis
1654 1216 1893 1279 litteris
1934 1217 2176 1279 nostris
2218 1217 2491 1278 nuntius
2530 1226 2640 1278 eat
2681 1216 2782 1279 vel
2834 1228 3220 1298 procurator

704 1320 788 1382 ad
823 1319 1037 1382 dictas
1068 1320 1466 1383 elemosinas
1499 1320 1654 1383 alibi
1688 1341 1893 1402 quam
1928 1320 2013 1384 ad
2048 1321 2419 1402 predictum
2469 1331 2744 1402 pontem
2788 1320 3215 1403 colligendas

707 1425 885 1487 Date
946 1445 1062 1506 per
1125 1444 1397 1489 manum
1457 1425 1721 1488 Radulfi
1788 1425 1874 1488 de
1929 1424 2304 1499 wateville,
2353 1426 2653 1488 canonici
2711 1424 3216 1502 LincolniensiS,

704 1526 880 1610 apud
949 1528 1310 1592 Lidintone
1382 1529 1494 1591 viii
1557 1527 1880 1592 kalendas
1945 1529 2200 1605 Marcii,
2260 1528 2689 1611 pontificatus
2761 1530 2967 1592 nostri
3039 1551 3216 1593 anno

704 1632 1277 1715 septimodecimo

703 1890 1072 1957 [Permtlrsion
1095 1891 1160 1958 by
1183 1891 1274 1943 tlu-
1295 1891 1510 1958 Bislmp
1532 1892 1656 1944 that
1673 1892 1763 1944 tlte
1779 1891 1985 1959 Priory
2005 1892 2078 1959 of
2089 1891 2281 1959 Ashby
2301 1908 2430 1959 may
2451 1891 2590 1944 hold
2601 1892 2693 1944 tlte
2713 1898 2920 1960 rectoty
2942 1894 3014 1957 os
3029 1892 3210 1946 Morc-

829 1978 924 2025 ton
948 1973 1370 2041 Pinkneysrom
1401 1974 1526 2042 Guy
1546 1973 1615 2026 de
1633 1974 1829 2027 Aricia
1849 1979 1913 2025 at
1931 1990 1966 2025 a
1989 1979 2117 2026 rent
2135 1974 2205 2041 of
2216 1992 2284 2038 ²4
2305 1974 2495 2026 marks
2513 1991 2549 2026 a
2560 1973 2739 2041 years!

878 2101 1212 2166 Omnibus
1255 2112 1376 2165 etc.
1471 2101 1750 2165 Noverit
1791 2102 2186 2165 universitas
2226 2113 2445 2165 vestra
2484 2102 2664 2184 quod
2708 2124 2858 2165 cum
2902 2103 2988 2166 de
3031 2125 3213 2167 man-

702 2208 863 2269 dato
911 2205 1250 2270 reverendi
1299 2206 1505 2289 patris
1552 2205 1807 2268 domini
1858 2207 2040 2288 Pape
2083 2206 2365 2269 Honorii
2417 2206 2592 2269 tertii
2643 2215 3021 2270 teneremur
3067 2230 3211 2290 pro-

703 2310 926 2373 videre
961 2310 1289 2392 Magistro
1321 2309 1615 2374 Guidoni
1648 2309 1733 2373 de
1769 2310 1999 2372 Aricio
2034 2311 2098 2373 in
2132 2309 2456 2373 beneficio
2486 2310 2953 2387 ecclesiastiCO‚
2984 2322 3051 2374 et
3092 2332 3209 2374 nos

703 2415 762 2478 ei
796 2414 880 2478 ad
916 2414 1478 2497 presentationem
1512 2413 1907 2477 dilectorum
1946 2415 2009 2475 in
2045 2413 2311 2477 Christo
2344 2412 2648 2489 filiorum,
2683 2415 2925 2489 Prioris
2957 2427 3026 2478 et
3058 2438 3210 2479 con-

704 2527 942 2581 ventus
1018 2517 1102 2580 de
1175 2517 1456 2599 Esseby,
1523 2527 1954 2599 patronorum
2033 2517 2308 2580 ecclesie
2382 2517 2466 2579 de
2536 2516 2821 2581 Gildene
2886 2519 3213 2595 Mortone,

702 2621 987 2685 eandem
1021 2620 1370 2684 ecclesiam
1405 2621 1902 2697 contulerimuS,
1934 2622 2279 2703 cupientes
2321 2619 2588 2683 utilitati
2634 2623 2975 2704 utriusque
3009 2626 3211 2706 partis

706 2723 1054 2806 providere
1096 2724 1548 2786 concessimus
1595 2723 1851 2787 eisdem
1892 2723 2072 2806 quod
2118 2724 2375 2806 possint
2420 2725 2708 2806 recipere
2754 2736 2822 2789 et
2860 2736 3087 2791 tenere
3126 2730 3208 2793 ad

707 2827 964 2891 firmam
1023 2828 1348 2909 prefatam
1411 2828 1759 2890 ecclesiam
1824 2827 1909 2890 de
1970 2828 2151 2891 dicto
2205 2827 2533 2910 Magistro
2594 2828 2929 2911 Guydone
2987 2833 3207 2914 quoad

703 2935 948 2997 vixerit
976 2956 989 3010 ;
1037 2935 1129 2997 ita
1160 2945 1386 2997 tamen
1421 2933 1602 3015 quod
1638 2946 1788 3017 post
1816 2935 2163 2998 decessum
2198 2933 2299 2997 vel
2326 2935 2695 2998 cessionem
2716 2935 2878 3000 dicti
2906 2938 3206 3020 Magistri

705 3038 903 3100 nichil
932 3037 1096 3119 juris
1130 3039 1231 3102 vel
1268 3040 1706 3121 possessionis
1756 3040 1818 3101 in
1870 3039 2251 3121 supradicta
2298 3040 2576 3102 ecclesia
2621 3043 2969 3104 occasione
3016 3042 3207 3124 hujus

704 3140 889 3204 firme
921 3140 1044 3203 sibi
1091 3141 1191 3204 vel
1242 3143 1647 3205 monasterio
1687 3164 1810 3205 suo
1856 3143 2206 3206 vendicare
2249 3153 2578 3225 poterunt,
2610 3154 2709 3206 set
2755 3145 3101 3208 ecclesiam
3142 3159 3206 3211 et

702 3245 955 3308 clavem
1010 3246 1284 3309 ecclesie
1341 3246 1810 3309 archidiacono
1863 3246 1987 3309 loci
2040 3247 2141 3310 vel
2193 3247 2469 3322 decan0,
2518 3248 2687 3309 sicut
2738 3248 2822 3311 de
2874 3249 3206 3312 beneficiis

699 3349 1162 3412 ecclesiasticis
1209 3351 1603 3414 vacantibus
1652 3350 1788 3414 fieri
1837 3352 2199 3427 consuevit,
2241 3352 2384 3414 sine
2426 3351 2953 3415 contradictione
2998 3354 3205 3435 quali-

702 3454 813 3517 bet
845 3464 913 3517 et
944 3453 1336 3518 difficultate
1371 3456 1738 3531 restituent,
1770 3456 1970 3518 salvis
2010 3468 2235 3520 tamen
2270 3457 2366 3518 eis
2397 3456 2576 3519 dicte
2608 3455 2885 3519 ecclesie
2926 3456 3205 3520 advoca-

699 3559 880 3621 tione
939 3567 1006 3620 et
1055 3578 1280 3621 annuo
1332 3559 1592 3621 redditu
1649 3559 2095 3642 quadraginta
2146 3560 2507 3623 solidorum
2564 3581 2764 3641 quem
2828 3559 2913 3623 de
2971 3561 3202 3624 eadem

699 3662 978 3724 ecclesia
1012 3662 1385 3743 percipiunt
1428 3674 1493 3725 et
1529 3664 1866 3745 percipere
1910 3673 2410 3726 consueverunt.
2506 3664 2686 3725 Dicti
2732 3684 2887 3725 vero
2921 3665 3104 3727 Prior
3141 3676 3204 3728 et

701 3775 1066 3828 conventus
1128 3766 1374 3828 curiam
1443 3787 1722 3847 persone
1783 3788 1933 3829 cum
1999 3766 2310 3829 domibus
2388 3768 2450 3829 in
2513 3767 2749 3829 eadem
2829 3768 3206 3848 integritate

701 3868 1171 3935 sustentabunt
1203 3880 1270 3932 et
1304 3871 1653 3933 restituent
1688 3873 1753 3933 in
1787 3892 1920 3953 qua
1951 3893 2064 3933 eas
2099 3881 2515 3952 receperunt;
2563 3882 2805 3933 terram
2839 3872 3041 3934 etiam
3077 3894 3206 3953 que

702 3984 802 4036 est
864 3973 949 4035 de
998 3972 1337 4035 dominico
1391 3973 1692 4054 ejusdem
1741 3975 2019 4037 ecclesie
2066 3996 2186 4037 nec
2234 3975 2619 4036 alienabunt
2668 3995 2789 4037 nec
2834 3985 3209 4056 pervertent

703 4097 821 4139 nec
855 4076 1244 4139 diminuent.
1343 4078 1684 4140 Provisum
1717 4089 1820 4141 est
1862 4078 2132 4159 insuper
2162 4078 2249 4140 ob
2290 4077 2573 4141 salutem
2615 4078 2985 4139 animarum
3028 4078 3204 4159 quod

700 4180 1148 4263 cappellanuS,
1196 4182 1308 4261 qui
1358 4181 1440 4243 ad
1492 4182 1938 4264 provisionem
1984 4181 2276 4262 ipsorum
2321 4181 2386 4242 in
2430 4180 2611 4243 dicta
2656 4180 2936 4243 ecclesia
2983 4181 3207 4243 minis-

701 4285 920 4360 trabit,
966 4284 1285 4366 quamdiu
1336 4283 1594 4348 firmam
1643 4285 1997 4361 tenuerint,
2043 4285 2233 4347 nobis
2294 4295 2362 4347 et
2416 4284 2905 4348 successoribus
2966 4285 3207 4347 nostris

700 4398 856 4451 ante
889 4388 1258 4469 ingressum
1293 4410 1484 4452 suum
1528 4388 2021 4471 presentabitur
2058 4389 2553 4452 examinandus
2585 4398 2651 4451 et
2692 4388 2746 4449 si
2795 4388 3072 4450 idoneus
3111 4388 3206 4450 in-

701 4502 937 4555 ventus
973 4492 1165 4554 fuerit
1196 4492 1281 4555 de
1313 4494 1635 4558 mandato
1668 4503 1897 4556 nostro
1931 4514 2047 4575 per
2082 4492 2646 4555 Archidiaconum
2689 4492 2815 4555 loci
2847 4492 3205 4555 admitten-

699 4594 869 4672 dus3
930 4594 1204 4659 habebit
1258 4606 1473 4660 totum
1524 4597 1922 4680 altaragium
1985 4617 2137 4659 cum
2201 4596 2494 4678 hospitio
2555 4595 2839 4658 honesto
2900 4594 3081 4676 quod
3143 4596 3203 4658 ei

701 4697 1144 4780 providebunt
1177 4700 1467 4763 vicinum
1515 4701 1790 4764 ecclesie
1837 4711 1905 4764 et
1952 4699 2380 4782 respondebit
2411 4699 2497 4762 de
2530 4700 2821 4781 hospitio
2855 4698 3205 4761 Archidia-

697 4802 846 4864 coni
878 4812 945 4864 et
979 4801 1189 4865 solvet
1222 4804 1563 4870 sinodalia.
1665 4805 1812 4867 Hec
1845 4813 2068 4867 autem
2103 4804 2331 4865 omnia
2369 4803 2689 4885 sepedicti
2730 4803 2912 4865 Prior
2941 4811 3009 4864 et
3050 4824 3207 4865 con-

699 4916 934 4968 ventus
966 4927 1037 4968 se
1071 4905 1354 4970 fideliter
1383 4908 1853 4972 observaturos
1903 4909 1965 4969 in
2016 4907 2218 4970 verbo
2264 4907 2517 4969 domini
2569 4907 3030 4989 promiserunt.
3129 4907 3205 4969 In

697 5009 895 5090 hujus
925 5021 1045 5072 etc.
