3596 5866
659 523 752 596 86
1190 580 1195 583 -
1365 517 1636 596 Rotulz'
1670 517 1766 594 H
1762 522 2017 617 ugonis
2053 518 2140 595 de
2194 518 2456 595 PVelles

656 761 935 827 [William
981 761 1048 813 de
1092 759 1273 828 Haya‚
1312 760 1646 822 sub-deacon,
1690 776 1762 812 on
1809 760 1899 812 tlte
1934 760 2303 826 presentation
2348 759 2422 826 os
2456 759 2643 825 Roger
2674 758 2741 811 de
2788 759 2957 826 Verly‚
2998 760 3047 810 is
3078 761 3163 810 in-

783 843 1012 896 stituted
1039 849 1092 895 to
1121 843 1211 895 tlte
1232 842 1434 895 chureii
1450 844 1522 911 os
1543 842 1872 910 Wouglzton.
1951 842 2027 894 To
2059 841 2306 893 William
2328 841 2396 893 de
2431 841 2797 908 Bukinglzam
2832 843 2881 893 is
2913 842 3169 894 reserved

786 926 875 978 his
919 927 1186 993 vicarage
1224 925 1285 977 in
1324 926 1416 978 tlte
1455 925 1636 978 whole
1671 925 1889 977 charch.
1958 924 2050 976 He
2075 926 2221 991 pays
2250 941 2327 975 an
2362 925 2583 976 annual
2605 926 2843 991 pensiore
2888 925 2960 991 of
2993 941 3064 976 ες.
3111 931 3163 976 to

796 1007 1044 1059 thliam
1067 1007 1135 1060 de
1158 1006 1365 1076 Haya.]

832 1126 1719 1207 WOKETONE.—Magister
1794 1125 2170 1188 Willelmus
2245 1125 2329 1188 de
2413 1125 2629 1207 Haya,
2698 1127 3162 1202 subdiaconuS,

657 1241 1073 1312 presentatus
1137 1251 1251 1312 per
1315 1232 1649 1313 Rogerum
1714 1230 1800 1293 de
1860 1230 2088 1312 Verly,
2151 1231 2448 1305 militem,
2508 1230 2590 1293 ad
2655 1231 2999 1293 ecclesiam
3077 1231 3161 1294 de

658 1334 1051 1410 Woketone,
1084 1334 1259 1397 facta
1291 1335 1471 1417 prius
1505 1335 1934 1416 inquisitione
1968 1356 2084 1416 per
2120 1335 2228 1409 M.,
2264 1333 2830 1397 Archidiaconum
2867 1335 3160 1418 Buking-

656 1438 1084 1512 hamiensem,
1136 1460 1253 1521 per
1302 1459 1523 1520 quam,
1577 1447 1717 1513 etc.‚
1766 1437 1851 1500 ad
1903 1437 2182 1500 eandem
2242 1438 2571 1500 admissus
2620 1448 2738 1512 est,
2786 1448 2926 1514 ete„
2980 1439 3161 1500 salva

658 1541 998 1604 Willelmo
1047 1542 1131 1605 de
1188 1543 1633 1625 Bukingham,
1686 1541 2052 1624 capellan0‚
2107 1542 2349 1604 vicaria
2410 1562 2531 1603 sua
2583 1563 2781 1623 quam
2846 1541 3048 1605 habet
3094 1544 3158 1604 in

655 1645 911 1721 eadem,
960 1647 1071 1728 qui
1127 1646 1397 1728 quidem
1455 1657 1667 1709 totam
1725 1647 1902 1709 illam
1960 1646 2305 1709 ecclesiam
2363 1646 2615 1708 tenebit
2675 1645 3159 1727 quoadvixerit,

655 1748 996 1812 reddendo
1044 1749 1197 1812 inde
1242 1751 1588 1813 annuatim
1639 1760 2011 1812 memorato
2062 1749 2387 1831 Magistro
2435 1749 2773 1811 Willelmo
2818 1749 2902 1812 de
2963 1749 3160 1830 Haya

653 1851 822 1915 duos
882 1854 1130 1917 solidos
1178 1855 1446 1916 nomine
1503 1855 1854 1936 pensionis.
1951 1854 2040 1917 Et
2096 1853 2484 1916 mandatum
2535 1865 2636 1916 est
2688 1852 2869 1917 dicto
2926 1853 3157 1915 Archi-

651 1956 936 2019 diacono
970 1956 1562 2040 Bukinghamiensi
1595 1968 1669 2021 ut
1701 1956 2065 2020 secundum
2101 1956 2379 2019 sormam
2417 1965 2854 2038 prenotatam,
2884 1967 3005 2019 ete.

653 2175 738 2240 [E
740 2181 917 2228 ustace
938 2176 1005 2229 dc
1031 2177 1252 2244 Offeley‚
1279 2177 1554 2245 ckaplain,
1582 2177 1817 2230 collated
1844 2178 1874 2229 b
1864 2195 1909 2245 y
1932 2177 2021 2229 tlte
2045 2177 2272 2244 Bislwp,
2300 2177 2348 2228 is
2370 2176 2661 2228 instituted
2688 2182 2740 2228 to
2763 2177 2853 2228 tlte
2874 2176 3074 2229 clmrcle
3099 2177 3168 2244 of

780 2259 1203 2312 Isenlzamstead
1224 2260 1465 2312 Cltenies.
1542 2260 1594 2310 T
1585 2261 1654 2312 he
1675 2260 1838 2328 njglaet
1854 2260 1925 2327 os
1937 2260 2027 2312 the
2050 2265 2171 2312 true
2185 2263 2391 2327 patron
2415 2260 2463 2311 is
2482 2259 2777 2324 reserved]

831 2379 1921 2442 ISELHAMSTEDE.—Eustachius
2018 2378 2103 2441 de
2182 2377 2464 2460 Offeley,
2551 2379 2949 2460 capellanus,
3054 2381 3154 2441 cui

649 2482 961 2545 dominus
997 2482 1372 2564 Episcopus
1402 2483 1750 2545 ecclesiam
1784 2483 1870 2545 de
1924 2483 2403 2545 Iselhamstede
2442 2482 2725 2546 contulit
2765 2483 3155 2545 auctoritate

650 2586 928 2662 concilii,
960 2587 1144 2648 salvo
1179 2587 1612 2668 imposterum
1647 2597 1930 2669 patrono
1964 2608 2119 2650 vero
2162 2585 2307 2666 jure
2342 2586 2768 2666 presentandi
2802 2585 2886 2648 ad
2922 2586 3155 2668 ipsam,

649 2690 732 2753 ad
767 2691 1049 2753 eandem
1099 2691 1431 2753 admissus
1462 2702 1580 2764 est,
1625 2701 1767 2766 ete„
1815 2711 1967 2753 cum
2015 2711 2214 2753 onere
2246 2702 2312 2753 et
2361 2711 2532 2773 pena
2564 2691 2974 2752 vicariorum.
3071 2691 3158 2752 Et

651 2793 1042 2856 mandatum
1090 2804 1193 2857 est
1243 2795 1352 2870 M.,
1410 2794 1907 2857 Archidiacono
1971 2794 2624 2874 Buckinghamiensi,
2673 2803 2745 2856 ut
2790 2790 3154 2856 secundum

652 2895 930 2960 sormam
967 2899 1377 2980 premissam,
1408 2908 1530 2962 etc.

652 3117 946 3183 [Niclzolas
967 3118 1036 3170 de
1056 3118 1114 3169 E
1117 3118 1402 3176 rabennae,
1427 3119 1704 3187 chaplain.
1725 3120 1773 3171 is
1794 3120 2085 3172 instituted
2102 3124 2155 3171 to
2178 3120 2267 3170 tlte
2289 3119 2551 3185 vicarage
2572 3120 2642 3186 of
2656 3119 2955 3171 Lavenden
2978 3135 3047 3171 ou
3070 3119 3157 3171 tlte

773 3202 1145 3266 presentation
1169 3202 1239 3268 os
1252 3201 1342 3252 tlte
1365 3200 1542 3253 Abbot
1560 3201 1682 3253 and
1704 3202 1956 3253 Convent
1974 3202 2045 3269 of
2056 3200 2373 3252 Lavenden.
2454 3201 2504 3251 T
2497 3201 2564 3252 lte
2586 3202 2846 3268 vicarage
2870 3202 2919 3252 τὶς
2939 3207 3022 3253 set
3050 3209 3156 3254 out.

790 3282 902 3333 The
947 3282 1160 3349 Bishop
1198 3282 1451 3335 retained
1488 3284 1578 3335 the
1611 3286 1814 3350 power
1846 3287 1899 3334 to
1945 3298 2085 3349 vary
2130 3283 2187 3334 it.
2257 3282 2340 3333 As
2385 3288 2439 3334 to
2482 3282 2572 3334 tlte
2622 3283 2810 3335 Lord's
2851 3284 2899 3334 C
2895 3284 3065 3351 hapel
3096 3286 3156 3335 in

781 3363 1080 3415 Lavenden
1109 3363 1297 3427 Casae,
1323 3366 1528 3417 service
1551 3365 1600 3416 is
1621 3364 1728 3416 due
1745 3369 1857 3417 two
1879 3364 2015 3431 days
2030 3381 2065 3415 a
2090 3364 2279 3428 week]

828 3483 1783 3547 LAVENDONE.—Nicholaus
1830 3483 1915 3546 de
1966 3484 2394 3558 Embertone,
2445 3484 2845 3565 capellanuS,
2894 3506 3156 3566 presen-

651 3597 828 3648 tatus
894 3607 1008 3667 per
1071 3585 1409 3649 Abbatem
1482 3599 1550 3649 et
1619 3598 2023 3650 conventum
2099 3588 2184 3650 de
2257 3586 2625 3650 Laundone
2693 3588 2776 3650 ad
2848 3590 3153 3651 vicariam

648 3689 925 3752 ecclesie
957 3690 1042 3753 de
1091 3690 1515 3765 Lavendone‚
1562 3692 1958 3753 auctoritate
2005 3691 2263 3753 concilii
2313 3691 2708 3766 ordinatam,
2756 3691 2932 3754 facta
2979 3693 3158 3774 prius

651 3794 1074 3875 inquisitione
1108 3815 1225 3875 per
1260 3794 1368 3867 M.,
1404 3794 1968 3857 Archidiaconum
2022 3794 2758 3877 Buckinghamiensem,
2792 3816 2907 3876 per
2938 3815 3158 3876 quam,

647 3908 787 3980 etc„
818 3898 900 3961 ad
934 3897 1215 3960 eandem
1266 3897 1596 3961 admissus
1642 3909 1760 3974 est,
1807 3910 1947 3974 ete„
1979 3920 2130 3962 cum
2179 3919 2377 3961 onere
2409 3909 2477 3961 et
2525 3919 2697 3980 pena
2746 3899 3154 3962 vicariorum.

651 4001 971 4064 Consistit
1003 4010 1226 4064 autem
1263 4002 1406 4083 ipsa
1440 4003 1680 4064 vicaria
1714 4003 1777 4064 in
1813 4013 1955 4065 tota
1988 4003 2329 4084 altaragiO,
2361 4014 2428 4065 et
2462 4022 2695 4065 manso
2729 4003 3156 4085 competenti,

648 4106 951 4186 exceptis
982 4104 1257 4167 decimis
1307 4105 1436 4168 feni
1486 4106 1868 4181 molendini,
1901 4127 2225 4189 agnorum
2258 4118 2325 4169 et
2373 4105 2539 4181 lane,
2570 4117 2638 4168 et
2672 4107 2886 4187 primo
2921 4107 3154 4189 legato,

653 4210 970 4273 Canonici
1019 4231 1175 4271 vero
1221 4211 1448 4273 omnia
1494 4231 1696 4273 onera
1745 4212 1951 4292 ipsius
1996 4211 2271 4273 ecclesie
2318 4209 2756 4273 sustinebunt.
2852 4211 2941 4273 Et
2974 4232 3156 4273 man-

651 4313 881 4375 datum
916 4323 1017 4375 est
1062 4313 1279 4376 eidem
1336 4313 1826 4377 Archidiacono
1876 4326 1963 4391 ut,
2009 4325 2132 4378 etc.
2228 4314 2529 4376 Retinuit
2575 4325 2799 4376 autem
2848 4313 3157 4378 dominus

655 4426 1056 4499 potestatem
1113 4417 1464 4480 ordinandi
1517 4418 1705 4481 aliter
1761 4420 1974 4501 ipsam
2039 4419 2346 4481 vicariam
2412 4418 2465 4480 si
2526 4416 2764 4481 viderit
2822 4419 3155 4500 expedire.

827 4521 852 4603 [
875 4521 1147 4583 Written
1179 4521 1371 4585 above
1402 4523 1540 4605 .·—]
1589 4523 1743 4586 Fuit
1774 4543 1988 4586 annus
2018 4523 2363 4586 sufficiens

833 4665 1345 4728 Memorandum
1395 4667 1480 4729 de
1526 4668 1781 4749 capella
1829 4667 2099 4731 domine
2132 4669 2196 4730 in
2246 4677 2462 4730 castro
2509 4665 2592 4729 de
2642 4666 3047 4731 Lavendone
3094 4669 3156 4730 in

657 4771 800 4852 ipsa
831 4770 1265 4846 ordinatione,
1300 4771 1363 4832 in
1412 4792 1543 4852 qua
1590 4772 1854 4834 debitur
1900 4773 2247 4835 servicium
2283 4780 2354 4833 ut
2387 4771 2627 4833 dicitur
2658 4791 2775 4852 per
2819 4771 2988 4834 duos
3019 4770 3160 4834 dies

659 4875 722 4935 in
765 4873 1162 4948 ebdomada,
1195 4872 1279 4936 ad
1313 4875 1491 4955 quod
1528 4876 1733 4937 abbas
1768 4887 2048 4950 tenetur,
2068 4875 2282 4938 donec
2316 4873 2505 4936 aliter
2537 4873 2731 4936 fuerit
2762 4874 3157 4938 ordinatum.

840 4977 951 5060 [ln
985 4978 1244 5059 margin
1272 4978 1410 5060 .·—]
1440 4979 1689 5042 Littere
1722 4979 2247 5061 presentationis
