3596 5866
1162 596 1518 692 Episcopi
1550 596 2112 669 Lincolniensis.
2812 623 2832 670 1
2864 622 2883 669 1

384 858 504 920 per
553 838 845 901 Priorem
909 849 976 901 et
1037 847 1440 901 conventum
1505 837 1589 900 de
1650 847 1884 900 sancta
1937 837 2342 901 Frideswida
2390 837 2475 900 de
2531 839 2757 903 Oxon’
2811 840 2894 904 ad

382 951 776 1023 perpetuam
806 943 1114 1004 vicariam
1142 942 1417 1005 ecclesie
1438 942 1649 1004 sancti
1681 941 2028 1004 Michaelis
2049 941 2133 1003 ad
2157 952 2420 1024 portam
2441 942 2893 1023 aquilonarem

384 1047 449 1108 in
487 1046 732 1122 Oxon’,
776 1046 949 1108 facta
994 1047 1172 1127 prius
1216 1046 1642 1127 inquisitione
1697 1067 1814 1127 per
1871 1045 1970 1121 A„
2028 1045 2594 1108 Archidiaconum
2653 1047 2898 1123 Oxon',

383 1170 503 1232 per
546 1170 771 1232 quam,
802 1160 943 1225 ete.,
989 1150 1321 1212 admissus
1368 1160 1468 1211 est
1511 1159 1579 1212 et
1623 1151 1686 1211 in
1731 1170 1813 1212 ea
1858 1150 2177 1212 canonice
2216 1150 2497 1211 vicarius
2541 1161 2898 1233 perpetuus

383 1255 748 1330 institutuS,
781 1255 964 1317 salva
996 1254 1191 1316 dictis
1226 1254 1581 1317 Canonicis
1615 1253 1698 1316 de
1729 1254 1964 1316 eadem
1999 1254 2278 1316 ecclesia
2310 1253 2490 1316 dicta
2522 1265 2589 1317 et
2622 1256 2899 1337 antiqua

384 1360 725 1442 pensione,
772 1380 922 1421 cum
972 1378 1173 1421 onere
1218 1368 1286 1420 et
1334 1378 1506 1440 pena
1553 1358 1964 1420 vicariorum.
2087 1357 2468 1438 injunctum
2532 1368 2633 1420 est
2694 1361 2894 1423 etiam

382 1464 441 1526 ei
490 1462 670 1544 quod
722 1462 972 1525 nullam
1023 1462 1411 1543 pensionem
1460 1461 1711 1524 eisdem
1755 1461 2112 1525 Canonicis
2154 1462 2484 1539 persolvat
2530 1461 2615 1525 de
2660 1463 2896 1526 eadem

381 1566 663 1630 ecclesia
739 1566 952 1628 donec
1030 1566 1401 1628 constiterit
1476 1564 1752 1627 domino
1833 1564 2173 1646 Episcopo
2243 1566 2632 1647 pensionem
2695 1586 2896 1647 quam

383 1672 671 1753 exigunt
717 1691 862 1732 esse
908 1669 1203 1733 debitam
1253 1679 1320 1732 et
1367 1670 1728 1751 antiquam.
1829 1668 2210 1750 Injunctum
2258 1678 2359 1731 est
2419 1670 2622 1732 etiam
2677 1670 2894 1734 eidem

384 1774 567 1857 quod
623 1773 709 1836 ad
753 1773 1017 1836 ordines
1071 1794 1240 1855 quos
1286 1774 1597 1836 dominus
1648 1774 2023 1856 Episcopus
2073 1772 2684 1856 Sarr[esbiriensis]¹
2731 1775 2897 1838 cele-

386 1877 604 1939 brabit
639 1879 704 1939 in
735 1877 989 1958 jejunio
1014 1887 1300 1959 quatuor
1325 1889 1702 1959 temporum
1740 1878 2054 1959 proximo
2087 1886 2238 1960 post
2263 1878 2532 1952 cinereS,
2558 1878 2900 1942 ordinetur

385 1982 450 2042 in
503 1981 1008 2054 subdiaconum,
1054 1991 1121 2044 et
1170 1992 1404 2064 postea
1445 1981 1528 2043 ad
1581 1981 1971 2043 mandatum
2020 1980 2273 2043 domini
2321 1982 2639 2065 Episcopi
2686 1985 2899 2066 primo

384 2085 450 2146 in
484 2084 842 2148 diaconum
881 2097 948 2148 et
997 2095 1230 2167 postea
1276 2086 1341 2147 in
1393 2083 1827 2167 presbiterum
1877 2083 2234 2159 ordinetur,
2283 2095 2355 2147 ut
2382 2085 2620 2148 vicarie
2668 2107 2784 2150 sue
2832 2088 2898 2150 in

386 2190 655 2271 propria
717 2208 998 2270 persona
1058 2188 1386 2251 deservire
1435 2188 1643 2269 possit
1691 2188 1754 2249 in
1806 2187 2025 2250 officio
2071 2187 2482 2251 sacerdotali.
2579 2190 2668 2252 Et
2705 2210 2902 2277 §man-

383 2291 619 2355 datum
654 2303 756 2354 est
791 2292 892 2367 A„
927 2291 1439 2367 Archidiacon0‚
1471 2302 1593 2354 ete.

569 2412 683 2495 [ln
725 2412 831 2475 tlte
871 2412 1131 2494 margin
1161 2412 1848 2495 .·—]Archidiaconus
1902 2411 2367 2494 Huntingdon’
2401 2412 2601 2475 habet
2648 2413 2900 2478 litteras

383 2517 850 2597 inquisitionis,

376 2699 560 2767 [John
593 2700 664 2751 de
701 2701 933 2761 Oxonia,
971 2701 1130 2762 clerk,
1158 2700 1460 2767 presented
1493 2700 1557 2767 by
1592 2700 1681 2752 tlte
1717 2700 1895 2754 I'rt'or
1922 2702 1993 2769 of
2018 2702 2097 2754 St.
2134 2701 2495 2763 Fm'deswide,
2533 2702 2582 2753 is
2613 2704 2906 2757 instituted

501 2785 715 2849 parson
739 2783 810 2850 of
823 2784 902 2835 St.
928 2782 1234 2843 Aliclzael's,
1260 2787 1323 2834 at
1342 2781 1664 2850 Southgate,
1695 2782 1950 2851 Oxsord,·
1983 2783 2075 2836 tlte
2100 2783 2312 2852 Bt'slzop
2337 2782 2467 2835 will
2495 2800 2755 2837 sammon
2779 2786 2897 2839 lu'm

512 2869 568 2916 to
588 2866 649 2916 be
670 2865 943 2917 ordained
951 2882 978 2927 ,·
1010 2864 1101 2917 the
1124 2864 1328 2932 Priory
1351 2863 1544 2916 claims
1566 2881 1600 2915 a
1616 2865 1897 2933 pens-ion]

564 2977 930 3041 Eccmzsm
965 2978 1248 3042 SANCTI
1303 2978 1731 3041 MICHAELIS
1778 2991 1879 3039 AD
1931 2978 2244 3040 Pom-AM
2297 2976 2764 3040 AUSTRALEM
2815 2993 2892 3041 IN

383 3080 1082 3164 OXON'.—Johannes
1149 3081 1234 3144 de
1300 3081 1542 3156 Oxon',
1592 3082 1886 3156 clericuS,
1955 3092 2376 3164 presentatus
2432 3102 2548 3163 per
2605 3083 2895 3146 Priorem
2942 3155 2947 3160 ⁴

380 3197 450 3247 et
505 3196 907 3249 conventum
972 3186 1055 3249 de
1118 3196 1348 3248 sancta
1406 3186 1814 3249 Frideswida
1870 3187 2096 3251 Oxon’
2145 3186 2227 3248 ad
2285 3186 2632 3248 ecclesiam
2686 3188 2898 3250 sancti

386 3291 736 3353 Michaelis
783 3291 867 3354 ad
920 3301 1180 3373 portam
1237 3292 1593 3353 australem
1639 3292 1704 3353 in
1750 3292 1975 3356 Oxon’
2018 3291 2193 3354 facta
2236 3292 2415 3373 prius
2456 3289 2900 3372 inquisitione,

379 3403 524 3467 ete„
557 3393 887 3457 admissus
919 3405 1039 3470 est,
1070 3404 1137 3457 et
1171 3395 1238 3456 in
1270 3414 1349 3457 ea
1380 3394 1698 3457 canonice
1733 3415 2018 3477 persona
2062 3395 2423 3470 institutuS,
2456 3394 2642 3456 salva
2687 3397 2783 3458 eis
2814 3395 2899 3458 de

379 3496 619 3561 eadem
652 3499 932 3560 ecclesia
964 3498 1192 3560 debita
1224 3509 1291 3560 et
1330 3499 1607 3579 antiqua
1650 3499 1989 3580 pensione,
2024 3499 2114 3560 ita
2145 3497 2325 3580 quod
2370 3497 2454 3560 ad
2503 3499 2894 3562 mandatum

379 3599 639 3663 domini
676 3600 994 3683 Episcopi
1030 3602 1251 3664 veniat
1285 3601 1713 3664 ordinandus
1815 3601 2197 3682 Injunctum
2233 3611 2333 3664 est
2358 3601 2561 3664 etiam
2587 3601 2897 3682 Johanni‚

381 3705 565 3785 quod
644 3705 892 3767 nullam
974 3706 1362 3787 pensionem
1442 3705 1638 3768 dictis
1699 3705 2059 3769 Canonicis
2123 3705 2455 3788 persolvat
2514 3705 2599 3768 de
2658 3706 2893 3770 eadem

380 3807 678 3882 ecclesia,
742 3809 957 3872 donec
1018 3811 1389 3873 constiterit
1464 3810 1740 3872 domino
1814 3810 2153 3892 Episcopo
2231 3810 2616 3891 pensionem
2693 3831 2894 3891 quam

381 3913 667 3994 exigunt
728 3934 872 3976 esse
931 3913 1231 3976 debitam
1293 3923 1361 3976 et
1432 3915 1796 3995 antiquam.
1892 3914 1981 3976 Et
2043 3914 2436 3976 mandatum
2496 3924 2598 3978 est
2661 3913 2896 3977 Archi-

383 4015 686 4092 diacon0,
717 4028 839 4079 etc.

382 4219 403 4284 [
418 4217 669 4269 William
704 4218 755 4270 le
789 4217 1026 4280 Kentee's,
1064 4218 1225 4278 clerk.
1251 4218 1548 4286 presented
1574 4217 1641 4285 by
1677 4217 1768 4270 tlte
1803 4217 1980 4270 Abbot
2007 4217 2079 4284 of
2100 4217 2492 4276 W'inchcombe‚
2523 4217 2573 4269 is
2606 4216 2902 4269 instituted

502 4303 719 4366 parson
741 4299 812 4366 of
826 4300 881 4351 E
883 4306 1088 4362 nstone,
1124 4300 1336 4352 Walter
1351 4300 1418 4353 de
1442 4299 1763 4368 Bannebiry
1784 4302 2082 4368 reugning
2104 4300 2194 4352 his
2216 4300 2381 4352 claim
2408 4299 2654 4367 Μανία]

562 4417 673 4479 EN
687 4419 1451 4482 NESTANE.—Vacante
1483 4419 1761 4482 ecclesia
1803 4418 1888 4482 de
1932 4419 2320 4481 Ennestane
2358 4428 2426 4480 et
2469 4417 2769 4480 Waltero
2810 4416 2895 4480 de

388 4521 787 4603 Bannebiry,
819 4523 929 4603 qui
980 4543 1051 4585 se
1096 4522 1362 4586 dicebat
1408 4544 1553 4586 esse
1599 4543 1953 4605 personam
2003 4522 2301 4603 ejusdem
2349 4521 2644 4595 ecclesie,
2675 4529 2891 4583 totum

380 4624 490 4704 jus
528 4624 707 4705 quod
755 4626 1045 4689 habebat
1090 4628 1153 4688 in
1195 4627 1430 4690 eadem
1474 4628 1752 4690 ecclesia
1792 4639 2050 4709 sponte,
2083 4626 2469 4708 simpliciter
2507 4634 2575 4688 et
2623 4644 2786 4706 pure
2826 4624 2891 4685 in

385 4748 622 4789 manus
660 4729 1142 4793 Lincolniensis
1188 4732 1505 4813 Episcopi
1556 4732 1865 4814 Hugonis
1905 4731 2177 4793 secundi
2223 4740 2454 4812 postea
2496 4728 2892 4809 resignante,

386 4831 622 4893 Abbas
681 4844 748 4895 et
815 4844 1182 4896 conventus
1243 4835 1327 4897 de
1406 4835 1930 4898 Winchecumbe
1996 4834 2403 4897 Willelmum
2471 4833 2529 4895 le
2595 4832 2894 4908 KenteiS,

1056 5073 1072 5103 ¹
1099 5073 1238 5125 This
1262 5074 1414 5125 word
1443 5075 1487 5126 is
1513 5075 1757 5127 inserted
1783 5075 1960 5126 above
1986 5074 2079 5126 the
2105 5075 2234 5125 line.
