3596 5866
1154 613 1508 709 Episcopi
1551 613 1619 684 L
1632 612 2115 685 incolniensis.
2749 633 2784 682 2
2799 630 2889 702 59

378 846 455 914 [A
479 847 783 900 relaxation
806 848 877 915 os
888 865 954 898 20
973 847 1114 914 ‘days
1134 848 1205 912 of
1221 851 1470 915 penance
1491 852 1545 899 to
1584 846 1742 899 those·
1769 845 1913 898 who
1938 846 2237 899 contribule
2259 851 2313 898 to
2352 845 2443 899 the
2477 845 2675 899 chumh
2711 845 2781 911 os
2805 845 2884 898 st.

427 966 430 971 -
511 930 693 998 stlaty.
722 930 934 989 Ketton,
963 930 1252 991 Rutland,·
1285 930 1436 997 Aug.
1462 947 1507 993 9.
1538 932 1705 994 123²]

554 1048 890 1113 Omnibus
935 1058 1056 1111 etc.
1153 1049 1257 1118 De
1308 1048 1431 1110 Dei
1483 1046 1935 1110 misericordia
1981 1058 2047 1111 et
2097 1048 2384 1129 gloriose
2449 1047 2684 1109 Matris
2738 1045 2882 1127 ejus

378 1152 813 1233 omniumque
859 1161 1240 1214 sanctorum
1292 1152 1542 1214 meritis
1604 1150 2019 1214 confidentes
2066 1152 2376 1214 omnibus
2438 1150 2887 1232 parrochianis

380 1256 622 1318 nostris
653 1265 720 1318 et
752 1256 914 1331 aliis
945 1276 1226 1338 quorum
1260 1255 1594 1321 diocesani
1632 1256 1802 1318 hanc
1829 1265 2122 1318 nostram
2157 1255 2638 1337 indulgentiam
2675 1264 2883 1317 ratam

380 1357 751 1435 habuerint,
811 1359 894 1422 ad
969 1360 1530 1422 constructionem
1606 1380 1719 1422 seu
1796 1358 2280 1440 reparationem
2359 1358 2633 1421 ecclesie
2693 1358 2887 1420 beate

383 1461 595 1525 Marie
643 1461 728 1524 de
779 1461 1020 1524 Katen’
1067 1481 1221 1524 suas
1266 1461 1682 1525 elemosinas
1714 1461 1822 1542 pie
1875 1461 2388 1535 conferentibus
2444 1460 2763 1524 confessis
2817 1471 2883 1524 et

380 1585 531 1628 vere
587 1565 1039 1647 penitentibus
1073 1565 1454 1628 relaxamus
1501 1576 1623 1628 etc.
1680 1575 1752 1628 ut
1805 1585 2003 1646 supra
2054 1586 2173 1646 pro
2221 1565 2499 1628 ecclesia
2556 1564 2885 1629 Omnium

381 1667 780 1732 Sanctorum
809 1668 1381 1750 ,Norhamptonie
1478 1669 1630 1732 Dat'
1694 1689 1812 1751 per
1872 1688 2143 1731 manum
2201 1670 2276 1731 R.
2332 1668 2423 1732 de.
2482 1668 2890 1744 Warraville,

378 1773 679 1835 canonici
748 1771 1249 1844 LincolniensiS‚
1309 1773 1543 1853 quinto
1606 1770 1753 1834 idus
1812 1770 2100 1854 Augusti
2182 1771 2607 1854 pontificatus
2683 1772 2889 1834 nostri

381 1893 559 1935 anno
593 1896 780 1938 xxm.

380 2131 529 2200 [The
542 2139 881 2199 agreement
906 2133 1142 2185 between
1171 2132 1442 2185 Baldwin
1478 2131 1545 2185 de
1577 2132 1683 2184 Ver
1709 2131 1831 2183 and
1859 2131 1948 2184 the
1981 2131 2162 2200 Abbey
2194 2132 2264 2199 os
2294 2132 2576 2200 Croyland
2604 2131 2770 2185 about
2804 2132 2895 2184 the

511 2215 835 2282 erectionvs
855 2232 892 2266 a
907 2217 1137 2282 private
1160 2215 1359 2282 chapel
1376 2215 1438 2266 in
1469 2214 1642 2266 Great
1659 2213 2037 2281 Addington]
2916 2224 2920 2228 *

558 2333 893 2398 Omnibus
938 2345 1060 2397 etc.
1157 2334 1433 2396 Noverit
1489 2334 1881 2396 universitas
1936 2345 2154 2396 vestra
2206 2334 2387 2415 quod
2442 2355 2592 2396 cum
2658 2334 2894 2397 Balde-

377 2439 588 2500 winus
609 2436 843 2501 deVer
860 2437 1185 2519 capellam
1219 2437 1397 2519 apud
1423 2436 1770 2500 Adintone
1792 2438 1859 2499 in
1888 2438 2156 2520 proprio
2178 2437 2384 2500 fundo
2406 2430 2889 2503 construxisset

380 2561 653 2605 assensu
715 2540 1109 2605 dilectorum
1175 2540 1480 2617 filiorum,
1544 2540 1833 2603 Abbatis
1894 2551 1961 2604 et
2032 2552 2399 2605 conventus
2476 2541 2895 2624 Croylandie,

382 2658 813 2728 patronorum
861 2645 1138 2708 ecclesie
1170 2644 1255 2707 de
1300 2646 1646 2708 Adintone
1691 2655 1758 2708 et
1809 2646 2079 2708 rectoris
2124 2644 2447 2725 ejusdem,
2489 2646 2779 2727 optinuit
2828 2646 2892 2708 in

382 2752 507 2813 hac
540 2750 752 2813 forma
780 2771 793 2825 ;
840 2750 1149 2813 videlicet
1173 2749 1354 2831 quod
1389 2749 1556 2812 infra
1589 2750 1915 2832 capellam
1937 2749 2040 2813 vel
2073 2760 2267 2813 extra
2292 2770 2412 2812 nec
2434 2750 2894 2831 baptisterium

383 2875 503 2917 nec
538 2855 848 2936 compani
882 2874 1002 2916 nec
1036 2853 1286 2936 aliquid
1320 2853 1499 2916 aliud
1551 2853 1877 2917 habeatur
1919 2874 2035 2936 per
2065 2852 2242 2936 quod
2289 2852 2723 2936 prejudicium
2760 2852 2895 2916 fieri

385 2961 595 3043 possit
628 2960 884 3022 matrici
917 2959 1210 3034 ecclesie,
1240 2969 1308 3021 et
1351 2960 1416 3021 in
1457 2980 1537 3021 ea
1577 2959 1834 3040 capella
1875 2960 2015 3040 ipse
2057 2959 2478 3022 Baldewinus
2517 2970 2583 3022 et
2625 2957 2900 3022 heredes

383 3065 481 3127 sui
516 3074 584 3127 et
626 3063 923 3144 hospites
961 3084 1190 3126 eorum
1233 3072 1299 3126 et
1341 3074 1601 3126 tantum
1645 3064 1913 3146 propria
1955 3062 2203 3125 familia
2241 3062 2517 3125 audiant
2558 3063 2793 3125 missas
2833 3073 2900 3126 et

383 3167 610 3230 divina
658 3166 878 3229 officia
926 3177 993 3229 et
1043 3167 1297 3229 nullum
1363 3167 1541 3230 aliud
1599 3177 2091 3231 sacramentum
2149 3167 2236 3228 ibi
2291 3166 2403 3228 fiat
2456 3167 2577 3228 nisi
2635 3177 2896 3229 tantum

384 3272 576 3353 panis
623 3269 1013 3334 benedictus
1059 3280 1127 3333 et
1173 3291 1347 3352 aqua
1394 3270 1763 3347 benedicta,
1809 3270 2044 3334 diebus
2090 3269 2442 3333 dominicis
2488 3269 2903 3352 aspergenda

384 3385 648 3439 tantum
704 3376 1151 3438 existentibus
1206 3377 1271 3438 in
1322 3375 1596 3457 capella,
1648 3386 1716 3438 et
1777 3377 1845 3438 in
1905 3375 2138 3438 eadem
2203 3374 2458 3457 capella
2520 3374 2900 3456 parochiani

386 3479 678 3542 matricis
727 3478 1022 3554 ecclesie,
1071 3480 1180 3541 alii
1237 3500 1276 3541 a
1326 3500 1444 3541 sua
1507 3478 1757 3542 familia
1820 3480 2101 3561 propria,
2162 3499 2294 3540 non
2359 3479 2755 3560 recipientur
2814 3478 2898 3541 ad

384 3582 627 3646 divina„
725 3583 812 3644 Et
847 3584 988 3664 ipse
1038 3582 1457 3646 Baldewinus
1501 3593 1568 3646 et
1606 3583 1883 3646 heredes
1922 3583 2021 3644 sui
2050 3581 2370 3663 jurabunt
2401 3582 2580 3663 quod
2623 3601 2743 3644 nec
2785 3603 2902 3664 per

385 3707 457 3749 se
497 3707 618 3749 nec
668 3707 784 3767 per
829 3687 1031 3749 alium
1080 3686 1451 3768 dampnum
1501 3686 1604 3748 vel
1653 3686 1972 3748 lesionem
2021 3686 2311 3767 aliquam
2360 3685 2709 3747 occasione
2758 3706 2900 3767 pre-

384 3789 564 3853 dicte
595 3790 848 3873 capelle
883 3791 1138 3853 matrici
1171 3790 1447 3853 ecclesie
1490 3788 1707 3852 inferri
1744 3789 2094 3871 patientur.
2187 3787 2298 3850 Ad
2336 3789 2897 3870 presentationem

385 3915 541 3957 vero
599 3893 962 3956 Baldewini
1012 3905 1079 3957 et
1136 3892 1453 3957 heredum
1503 3892 1648 3973 ejus
1697 3892 2141 3955 admittantur
2194 3879 2233 3954 a
2288 3892 2557 3954 rectoris
2609 3893 2899 3955 matricis

384 3999 662 4060 ecclesie
721 3998 1048 4080 capellani
1111 3999 1176 4059 in
1237 3997 1473 4060 eadem
1537 3996 1792 4078 capella
1866 3997 2147 4078 propriis
2222 3996 2598 4077 sumptibus
2673 3995 2900 4058 divina

383 4101 604 4165 officia
636 4100 1046 4178 celebraturi,
1069 4112 1487 4165 sacramento
1519 4103 1698 4183 prius
1738 4101 1825 4163 ab
1867 4101 2027 4182 ipsis
2067 4101 2343 4183 prestito
2374 4099 2553 4181 quod
2587 4100 2672 4162 de
2717 4100 2899 4162 obla·

383 4204 682 4269 tionibus
735 4214 804 4267 et
852 4204 1366 4268 obventionibus
1419 4205 1730 4267 omnibus
1785 4205 1853 4267 in
1902 4202 2082 4266 dicta
2142 4203 2397 4285 capella
2457 4203 2900 4285 percipiendis

387 4308 584 4391 plene
613 4319 682 4370 et
728 4308 985 4390 integre
1025 4309 1316 4370 matricis
1355 4307 1631 4370 ecclesie
1672 4307 2033 4370 rectoribus
2076 4304 2589 4388 respondebunt,
2619 4315 2686 4367 et
2718 4305 2898 4386 quod

385 4409 586 4473 nichil
621 4411 687 4472 in
723 4410 1035 4490 parochia
1068 4411 1308 4474 facient
1349 4411 1448 4474 vel
1487 4397 1630 4473 'fieri
1673 4409 2120 4491 procurabunt
2164 4430 2280 4491 per
2309 4407 2488 4490 quod
2529 4407 2642 4471 fiat
2682 4408 2899 4490 preju-

384 4514 633 4577 dicium
700 4516 955 4576 matrici
1018 4515 1292 4578 ecclesie
1354 4515 1452 4578 vel
1516 4513 1818 4595 ejusdem
1881 4514 2157 4577 ecclesie
2221 4513 2621 4589 rectoribus;
2670 4514 2781 4594 qui
2845 4515 2897 4576 si

383 4617 688 4681 infideles
710 4618 970 4709 inventi
1006 4618 1246 4682 fuerint
1277 4629 1345 4681 et
1375 4639 1573 4700 super
1605 4618 1729 4680 hoc
1761 4638 1984 4681 coram
2018 4615 2483 4679 archidiacono
2514 4616 2615 4678 vel
2643 4615 2899 4679 decano

385 4722 511 4784 loci
563 4720 847 4783 confessi
904 4721 1005 4784 vel
1055 4722 1339 4785 convicti
1391 4722 1648 4796 fuerint,
1697 4732 2039 4803 tamquam
2096 4718 2337 4802 perjuri
2390 4739 2470 4781 ea
2523 4719 2646 4782 hac
2700 4740 2899 4784 causa

385 4835 844 4900 amoveantur,
876 4826 1008 4887 alio
1040 4825 1281 4889 idoneo
1313 4827 1680 4888 successive
1714 4823 2181 4887 substituendo
2213 4822 2297 4884 ad
2332 4824 2896 4904 presentationem

384 4928 545 4991 dicti
599 4927 963 4991 Baldewini
997 4941 1087 4993 ‘et
1143 4929 1461 4992 heredum
1518 4930 1662 5009 ejus
1716 4928 1802 4991 de
1850 4948 2124 4991 assensu
2181 4926 2450 4989 rectoris
2500 4926 2794 5002 ecclesie,
2828 4940 2899 4992 ut

387 5033 764 5115 predictum
826 5043 944 5095 est.
1046 5034 1134 5096 Et
1197 5036 1338 5115 ipse
1402 5034 1823 5097 Baldewinus
1883 5044 1952 5096 et
2022 5030 2298 5094 heredes
2367 5032 2465 5092 sui
2535 5052 2687 5094 cum
2759 5043 2902 5097 tota

2688 5153 2772 5191 52
