3596 5866
725 605 860 672 116
1248 566 1251 571 Ι
1415 598 1686 671 Rotulz'
1720 595 1809 668 H
1809 595 2065 692 ugonis
2115 596 2202 667 de
2256 595 2517 668 Welles

710 850 851 915 etc„
881 841 1210 904 admissus
1254 851 1355 902 est
1400 848 1467 902 et
1516 839 1578 901 in
1627 859 1706 901 ea
1751 859 1902 901 cum
1951 857 2151 899 onere
2196 845 2264 899 et
2311 856 2484 918 pena
2514 835 2905 898 vicariorum
2938 833 3218 896 vicarius

710 955 1068 1026 perpetuus
1101 944 1441 1006 institutus
1468 965 1480 1020 ;
1528 943 1619 1005 ita
1652 952 1877 1004 tamen
1910 940 2087 1023 quod
2122 960 2239 1022 per
2270 939 2449 1002 illam
2494 939 2976 1001 institutionem
3019 936 3217 999 nichil

705 1046 868 1127 juris
902 1047 1243 1110 monachis
1273 1047 1358 1110 de
1393 1048 1606 1110 Becco
1637 1055 1889 1108 crescat
1919 1044 2021 1107 vel
2054 1044 2391 1106 decrescat
2423 1043 2489 1105 in
2522 1041 2798 1105 ecclesia
2838 1050 3219 1104 memorata.

713 1151 1033 1214 Consistit
1101 1162 1324 1215 autem
1395 1151 1539 1233 ipsa
1606 1151 1847 1212 vicaria
1917 1149 1982 1211 in
2052 1157 2196 1210 toto
2263 1148 2585 1229 altaragio
2654 1156 2870 1228 preter
2929 1145 3215 1227 primum

711 1254 1003 1336 legatum
1051 1265 1117 1318 et
1173 1256 1237 1316 in
1285 1254 1559 1317 decimis
1611 1253 1964 1335 garbarum
2020 1251 2372 1315 duodecim
2429 1253 2831 1332 virgatarum
2894 1259 3108 1322 terre;
3153 1257 3219 1310 et

710 1359 1103 1422 auctoritate
1148 1359 1401 1421 domini
1457 1358 1559 1434 H„
1609 1357 2093 1420 Lincolniensis
2144 1356 2459 1437 Episcopi
2508 1353 2779 1417 secundi
2821 1352 2959 1433 jam
3009 1351 3215 1414 tribus

710 1463 900 1525 annis
931 1463 1172 1544 elapsis
1216 1462 1338 1525 fuit
1369 1461 1690 1524 ordinata.
1786 1460 1876 1522 Et
1920 1459 2292 1540 injunctum
2341 1459 2437 1534 R.‚
2469 1457 2755 1521 Officiali
2789 1457 2948 1519 dicti
2986 1454 3218 1517 Archi-

711 1566 972 1628 diaconi
1008 1575 1097 1641 ut,
1128 1576 1250 1629 etc,

711 1836 911 1904 [Hugh
936 1835 1005 1888 de
1027 1835 1361 1895 Mat'cle‘cvell,
1395 1835 1732 1894 subdeacvn,
1764 1836 1814 1886 is
1845 1833 2135 1887 instituted
2164 1838 2219 1885 to
2251 1833 2342 1885 the
2373 1831 2571 1884 churclz
2596 1832 2667 1899 of
2682 1831 2992 1893 Maidwelt
3028 1846 3098 1882 on
3135 1830 3225 1881 the

829 1919 1205 1984 presentation
1244 1918 1314 1985 of
1342 1917 1497 1968 Alan
1530 1917 1598 1970 de
1633 1916 1973 1969 Mat'dewell.
2052 1917 2165 1968 The
2195 1915 2391 1983 chapel
2417 1916 2487 1983 os
2508 1914 2573 1965 K
2565 1914 2822 1976 elmarslz,
2855 1912 3108 1966 retained
3119 1912 3229 1980 sor

838 2017 873 2052 a
895 2002 1025 2052 time
1047 2001 1105 2052 in
1130 2002 1220 2053 the
1239 2000 1422 2053 hands
1444 2000 1515 2067 of
1527 1999 1618 2052 tlte
1642 1999 1866 2066 Bishop,
1894 2000 1944 2050 is
1963 1999 2345 2066 subsequently
2362 1997 2609 2066 granted
2627 2002 2684 2048 to
2708 1997 2825 2049 lzim
2850 2013 2914 2048 as
2937 1995 3111 2060 well]

887 2127 1595 2209 MEYDELL'.—Hugo
1627 2126 1711 2190 de
1747 2125 2159 2202 Maidewell’,
2179 2125 2643 2200 subdiaconus»,
2666 2133 3082 2206 presentatus
3109 2144 3224 2207 per

712 2233 1005 2296 Alanum
1038 2232 1124 2295 de
1174 2231 1585 2307 Maidewell’,
1619 2231 1917 2307 militem,
1948 2230 2033 2293 ad
2074 2230 2425 2294 ecclesiam
2469 2230 2554 2292 de
2604 2228 3017 2304 Maidewell',
3050 2229 3225 2291 facta

708 2338 886 2419 prius
933 2336 1357 2418 inquisitione
1390 2356 1505 2417 per
1539 2336 1634 2411 R„
1667 2334 2231 2396 Arcbidiaconum
2278 2333 2825 2415 Norbamptonie,
2859 2352 2973 2413 per
3003 2353 3223 2414 quam,

707 2450 847 2517 eto,
871 2440 1200 2502 admissus
1231 2449 1332 2502 est
1378 2459 1528 2500 cum
1579 2438 1992 2520 pertinentiis
2023 2446 2090 2500 et
2138 2438 2201 2498 in
2235 2458 2315 2499 ea
2359 2437 2677 2499 canonice
2724 2456 3007 2524 persona
3039 2436 3223 2498 insti-

707 2554 933 2620 tutus;
980 2543 1073 2606 ita
1127 2553 1350 2605 tamen
1412 2540 1589 2624 quod
1654 2541 1958 2625 cappella
2007 2539 2091 2603 de
2144 2540 2491 2603 Kelmerse
2546 2550 2842 2602 remanet
2898 2540 2964 2602 in
3021 2560 3221 2602 manu

707 2647 958 2710 domini
1040 2646 1354 2728 Episcopi
1431 2645 1644 2708 donec
1720 2644 2091 2707 discussum
2155 2645 2240 2707 sit
2314 2645 2398 2707 ad
2462 2665 2659 2726 quem
2732 2644 3058 2726 pertineat
3116 2644 3224 2725 jus

710 2760 1098 2833 patronatus
1158 2749 1475 2830 ejusdem.
1573 2750 1660 2812 Et
1712 2749 2082 2829 injunctum
2134 2758 2235 2811 est
2290 2747 2579 2810 Radulfo
2624 2746 2911 2810 Officiali
2966 2757 3056 2823 ut,
3102 2758 3223 2809 ete.

714 2854 912 2917 Dicta
961 2864 1181 2916 autem
1241 2853 1560 2938 cappella,
1610 2862 1966 2936 postquam
2018 2852 2235 2914 dictus
2285 2852 2366 2914 A.
2421 2871 2568 2913 eam
2622 2850 2685 2911 in
2735 2851 2914 2913 curia
2966 2849 3223 2913 domini

712 2959 914 3040 Regis
946 2960 1249 3034 evicerat,
1280 2957 1462 3021 dicto
1499 2957 1774 3039 Hugoni
1811 2977 2089 3039 persone
2134 2955 2219 3019 de
2255 2955 2628 3018 Maidewell
2663 2976 2780 3039 per
2814 2956 3223 3038 Episcopum

707 3074 808 3126 est
843 3064 1144 3125 restituta
1175 3084 1188 3135 ;
1234 3073 1301 3124 et
1336 3061 1726 3125 mandatum
1759 3070 1862 3124 est
1898 3060 2390 3123 Archidiacono
2426 3060 2956 3142 Norbamptonie
2981 3069 3071 3135 ut,
3102 3069 3224 3122 ete.

708 3442 893 3507 [John
916 3441 983 3493 de
1012 3441 1428 3501 Thammeston’‚
1455 3439 1788 3501 sub-deacon,
1814 3439 1865 3490 is
1895 3437 2187 3490 instituted
2205 3443 2259 3489 to
2292 3438 2383 3490 the
2405 3437 2604 3490 churclz
2638 3439 2710 3506 os
2731 3437 3008 3499 Warkton‚
3032 3453 3103 3489 on
3137 3438 3228 3490 tlte

827 3525 1202 3591 presentation
1228 3523 1298 3590 os
1309 3522 1401 3574 the
1422 3522 1601 3574 Abbot
1616 3521 1687 3589 os
1710 3520 1871 3587 Bury
1891 3520 1972 3572 St.
1992 3519 2348 3587 Edmund's.]

883 3650 1803 3731 WERKETON’.—Johannes
1848 3648 1933 3711 de
1994 3648 2520 3725 Thummeston’,
2572 3648 3034 3725 subdiaconus,
3081 3668 3225 3730 pre-

709 3765 1008 3819 sentatus
1083 3776 1199 3839 per
1276 3755 1614 3818 Abbatem
1691 3754 1777 3817 de
1840 3754 2090 3818 Sancto
2155 3753 2518 3816 Edmundo
2579 3753 2664 3817 ad
2726 3753 3071 3817 ecclesiam
3139 3751 3227 3816 de

710 3860 1113 3936 Werketon’,
1145 3859 1319 3923 facta
1352 3861 1530 3944 prius
1578 3858 2004 3941 inquisitione
2036 3879 2154 3940 per
2200 3859 2297 3934 R„
2329 3857 2701 3922 Officialem
2754 3857 3225 3921 Archidiaconi

714 3964 1262 4046 Norbamptonie,
1323 3985 1440 4046 per
1498 3984 1719 4045 quam,
1778 3972 1920 4039 ete„
1981 3962 2310 4025 admissus
2372 3973 2473 4026 est
2526 3972 2594 4025 et
2656 3963 2720 4025 in
2768 3982 2849 4025 ea
2908 3962 3226 4024 canonice

713 4089 993 4149 persona
1026 4068 1381 4131 institutus
1477 4068 1566 4130 Et
1615 4066 2006 4130 mandatum
2053 4076 2154 4130 est
2190 4067 2286 4143 R„
2322 4066 2814 4130 Archidiacono
2849 4066 3225 4147 Norbamp-

713 4173 895 4235 tonie
928 4181 1018 4248 ut,
1049 4182 1170 4234 ete.

714 4462 926 4527 [Adam
950 4461 1018 4513 de
1039 4462 1096 4513 E
1097 4462 1237 4525 sseb',
1264 4462 1419 4524 clerk,
1447 4478 1517 4514 on
1532 4462 1621 4514 the
1633 4462 2009 4529 presentation
2032 4462 2103 4529 of
2116 4461 2207 4514 tlte
2228 4462 2441 4530 Bishop
2463 4466 2534 4530 of
2546 4463 2843 4530 Salis-bury,
2870 4463 2919 4515 is
2943 4462 3234 4515 instituted

841 4544 1287 4692 Ξαίὲἶὲνὲἷηῖεῆ
1333 4546 1403 4610 of
1441 4544 1763 4597 Bm'xwortlt
1823 4543 1998 4606 (εὔιε
2037 4545 2287 4612 prebend
2335 4546 2405 4613 os
2445 4544 2770 4597 Bn'aworth
2826 4547 2888 4597 in
2944 4544 3229 4611 Salisbury

893 4737 1947 4821 BRIKELESWORD’.—Magister
1982 4737 2204 4800 Adam
2239 4736 2324 4799 de
2360 4736 2607 4813 Esseb',
2638 4737 2929 4812 clericuS,
2961 4756 3224 4818 presen-

714 4850 893 4903 tatus
940 4860 1056 4921 per
1101 4840 1447 4902 dominum
1503 4841 1912 4923 Episcopum
1963 4840 2557 4905 Sarrisburiensem
2606 4841 2690 4904 ad
2746 4840 3092 4903 ecclesiam
3138 4839 3226 4902 de

718 4943 1241 5006 Brikelesworth’
1287 4965 1437 5006 cum
1501 4945 1915 5027 pertinentiis
1962 4944 2324 5007 secundum
2373 4944 2920 5026 ord[inationem]
2969 4943 3222 5007 domini

719 5047 1182 5110 Bathoniensis
1242 5059 1308 5110 et
1384 5048 1636 5111 domini
1700 5048 2186 5112 Lincolniensis
2246 5057 2312 5113 et
2387 5047 2471 5114 de
2531 5068 2854 5112 consensu
2920 5045 3221 5131 ejusdem
