3596 5866
681 560 771 631 28
1064 580 1067 583 ·
1361 561 1633 635 Rotuli
1678 562 1779 634 H
1770 562 2032 658 ugonis
2082 562 2170 635 de
2223 562 2486 636 Welles

674 793 960 863 [William
976 795 1045 848 de
1061 794 1315 859 Buttone,
1332 796 1669 858 sub-deacon,
1678 798 1976 865 presented
1986 798 2053 866 by
2075 799 2164 851 tlte
2186 798 2365 852 Abbot
2376 799 2497 851 and
2509 799 2558 852 C
2552 805 2760 853 onvent
2770 801 2840 867 os
2848 799 2913 851 K
2904 799 3184 868 eynsham.

803 877 854 928 is
885 877 1174 929 tnstituted
1200 879 1362 931 vicar
1378 880 1450 946 of
1476 879 1739 948 Bussord,
1766 880 1905 932 with
1927 881 2018 934 tlte
2039 880 2294 949 chapelry
2314 882 2387 949 of
2409 881 2469 933 F
2464 881 2705 934 nlbrook.
2780 881 2891 935 The
2924 882 3185 951 m'carage

801 957 1184 1028 ets-damma]

848 1078 1283 1143 BUREFORD'
1325 1079 2085 1163 VICARIA.—-Magister
2133 1081 2509 1145 Willelmus
2555 1082 2641 1145 de
2690 1082 2999 1158 Buttone,
3032 1083 3183 1146 sub-

673 1183 1013 1258 diaconuS,
1055 1193 1475 1265 presentatus
1517 1204 1633 1267 per
1673 1184 2015 1249 Abbatem
2056 1196 2124 1249 et
2162 1195 2566 1248 conventum
2610 1185 2696 1249 de
2752 1185 3185 1248 Kainesham’

674 1290 758 1350 ad
807 1287 1120 1350 vicariam
1167 1286 1254 1350 de
1303 1286 1644 1363 Buresord,
1689 1286 1868 1350 facta
1914 1289 2095 1371 prius
2143 1289 2568 1371 inquisitione
2631 1309 2747 1372 per
2796 1289 2897 1365 Α.,
2946 1289 3184 1353 Archi-

672 1391 1029 1454 diaconum
1093 1389 1339 1467 Oxon’,
1390 1411 1507 1474 per
1554 1410 1776 1473 quam,
1823 1402 1964 1468 ete.,
2009 1391 2094 1455 ad
2157 1392 2442 1455 eandem
2489 1392 2821 1456 admissus
2865 1402 2986 1469 est,
3032 1413 3183 1455 cum

673 1514 873 1558 onere
932 1503 1000 1557 et
1061 1514 1235 1577 pena
1287 1495 1697 1558 vicariorum.
1789 1495 2113 1559 Consistit
2173 1506 2398 1559 autem
2447 1496 2592 1578 ipsa
2641 1497 2881 1559 vicaria
2929 1497 2994 1559 in
3042 1506 3185 1560 tota

673 1609 846 1662 terra
893 1600 1183 1663 matricis
1228 1600 1504 1664 ecclesie
1548 1612 1616 1665 et
1661 1601 1963 1684 cappelle
2000 1601 2085 1665 de
2135 1600 2459 1665 Fulebroc
2508 1622 2658 1665 cum
2710 1602 3052 1685 mesuagio
3096 1601 3183 1664 ad

670 1702 981 1766 vicariam
1017 1704 1407 1786 pertinente,
1439 1714 1507 1768 et
1540 1706 1603 1768 in
1638 1706 1949 1769 omnibus
1981 1705 2126 1769 aliis
2157 1716 2296 1769 tam
2328 1705 2414 1768 ad
2450 1706 2793 1770 matricem
2833 1705 3182 1769 ecclesiam

670 1826 871 1888 quam
905 1807 991 1871 ad
1023 1807 1272 1871 dictam
1306 1809 1678 1892 cappellam
1713 1809 2219 1892 pertinentibuS,
2249 1810 2552 1892 exceptis
2585 1810 2899 1873 omnibus
2929 1818 2997 1872 et
3028 1808 3185 1871 solis

669 1910 947 1975 decimis
977 1911 1331 1994 garbarum
1365 1931 1517 1974 cum
1563 1913 1833 1995 capitali
1878 1933 2112 1976 manso
2146 1914 2437 1977 matricis
2468 1913 2781 1989 ecclesie;
2820 1924 2888 1977 et
2930 1912 3184 1994 injunc-

670 2026 814 2079 tum
838 2026 942 2079 est
961 2015 1141 2079 dicto
1167 2016 1493 2099 Magistro
1519 2015 1790 2091 W.‚sub
1815 2037 1988 2100 pena
2013 2016 2316 2081 beneficii
2342 2018 2712 2093 amittendi,
2735 2016 3185 2102 appellatione

671 2129 943 2195 remota,
1003 2119 1241 2183 eodem
1306 2120 1369 2183 in
1436 2118 1501 2182 id
1564 2121 2046 2199 consentiente,
2100 2130 2172 2183 ut
2231 2120 2317 2184 ad
2381 2122 2797 2185 vocationem
2865 2120 3182 2203 Episcopi

672 2224 892 2287 veniat
945 2223 1356 2287 ordinandus
1404 2224 1466 2286 in
1517 2224 1875 2287 diaconum
1936 2235 2004 2288 et
2065 2225 2158 2287 sic
2207 2225 2497 2300 ulteriuS,
2546 2223 2979 2307 personaliter
3025 2244 3177 2287 cum

668 2326 944 2390 domino
980 2327 1318 2410 Episcopo
1352 2327 1671 2410 placuerit
1704 2326 1950 2391 ibidem
1987 2327 2516 2404 ministraturuS,¹
2553 2338 2621 2391 et
2651 2327 3042 2391 mandatum
3085 2337 3188 2390 est

668 2430 852 2496 dicto
886 2430 1384 2494 Archidiacono
1418 2440 1510 2508 ut,
1540 2442 1663 2495 etc.

670 2625 857 2695 [John
888 2626 955 2680 de
978 2627 1239 2695 Limesey,
1265 2626 1597 2690 sub-deacon,
1614 2626 1911 2693 presented
1937 2626 2004 2695 by
2026 2626 2161 2680 Eva
2197 2627 2266 2680 de
2291 2627 2448 2695 Grey,
2474 2628 2524 2680 is
2556 2626 2851 2680 insn’tuted
2869 2629 3088 2694 parson
3120 2626 3194 2693 of

799 2709 1106 2778 stantum]

845 2829 1707 2912 STANLAKE.—Johannes
1738 2829 1825 2893 de
1861 2829 2231 2912 Limeseya,
2263 2828 2728 2905 subdiaconuS,
2755 2839 3178 2911 presentatus

672 2955 788 3017 per
818 2932 1161 2997 dominam
1200 2935 1413 2997 Evam
1445 2933 1532 2997 de
1565 2933 1744 3017 Grey
1776 2933 1861 2997 ad
1895 2933 2243 2998 ecclesiam
2269 2932 2353 2996 de
2389 2933 2768 3010 Stanlache,
2795 2932 2969 2997 facta
3003 2935 3181 3017 prius

669 3039 1097 3121 inquisitione
1160 3059 1276 3122 per
1338 3039 1440 3116 Α.,
1502 3038 2070 3102 Archidiaconum
2133 3037 2380 3114 Oxon',
2442 3058 2558 3121 per
2618 3058 2840 3120 quam,
2899 3049 3041 3116 ete„
3094 3038 3178 3102 ad

669 3142 952 3207 eandem
1030 3142 1360 3205 admissus
1434 3153 1554 3219 est,
1614 3154 1756 3218 etc.,
1817 3152 1885 3205 et
1961 3141 2354 3206 mandatum
2416 3152 2519 3205 est
2594 3141 2776 3206 dicto
2833 3141 3183 3206 Archidia·

672 3266 846 3310 cono
877 3257 969 3322 ut,
1000 3256 1122 3311 etc.

667 3441 914 3510 [Walter
938 3441 1005 3494 de
1038 3441 1239 3495 Sancto
1268 3441 1586 3505 EdmundO,
1623 3440 1959 3504 sub-deacon,
1988 3440 2286 3509 presented
2309 3441 2376 3509 by
2408 3441 2499 3494 the
2520 3440 2699 3494 Abbot
2715 3442 2837 3494 and
2858 3442 3108 3494 Convent
3124 3441 3196 3509 of

796 3522 855 3574 E
845 3523 1107 3591 ynsham,
1134 3525 1183 3576 is
1216 3523 1510 3576 tnsn'tuted
1526 3527 1740 3590 parson
1775 3523 1847 3590 of
1869 3523 2100 3576 Westcot
2119 3522 2351 3581 Barton.
2376 3522 2515 3575 void
2541 3524 2607 3590 by
2629 3522 2719 3574 tlte
2743 3522 3096 3589 preferrnent
3124 3523 3194 3591 of

795 3604 1136 3659 Alexander.
1205 3606 1456 3658 Richard
1471 3606 1540 3659 de
1562 3605 1757 3669 Estote,
1794 3605 1952 3668 clerk,
1977 3619 2277 3659 renounces
2309 3605 2400 3657 his
2432 3605 2615 3657 claim.
2690 3604 2932 3657 Thomas
2954 3604 3023 3658 de
3041 3605 3185 3657 Bar-

797 3687 929 3740 thon
954 3689 1164 3741 retains
1186 3688 1275 3740 his
1295 3689 1570 3757 ντὶ-αναξρ,
1594 3689 1715 3740 and
1734 3689 1826 3741 the
1849 3688 2027 3742 Abho!
2044 3687 2239 3740 claims
2259 3704 2294 3740 a
2307 3686 2586 3755 pension]

844 3816 1655 3880 BARTONE.—Walterus
1696 3816 1782 3880 de
1827 3817 2078 3882 Sancto
2125 3814 2507 3890 Edmund0‚
2539 3813 3005 3890 subdiaconuS,
3038 3836 3182 3897 pre-

668 3930 969 3985 sentatus
1001 3941 1118 4003 per
1151 3919 1491 3984 Abbatem
1540 3931 1608 3985 et
1650 3930 2053 3983 conventum
2101 3919 2531 3982 Eineshamie
2576 3918 2659 3981 ad
2704 3918 3052 3981 ecclesiam
3098 3918 3183 3982 de

670 4025 881 4087 Parva
915 4025 1222 4100 Bartone,
1254 4034 1603 4088 vacantem
1637 4045 1719 4087 eo
1740 4023 1921 4105 quod
1957 4021 2353 4086 Alexander
2377 4021 2614 4085 ultimo
2638 4032 2854 4084 rector
2877 4021 3179 4103 ejusdem

668 4128 849 4192 aliud
911 4129 1159 4211 recepit
1220 4128 1617 4192 beneficium
1680 4129 1785 4191 cui
1848 4147 2004 4190 cura
2065 4127 2438 4190 animarum
2501 4136 2602 4188 est
2664 4145 2950 4202 annexa,
3001 4125 3182 4190 facta

665 4231 851 4313 prius
890 4231 1318 4313 inquisitione
1366 4252 1483 4314 per
1516 4231 1618 4308 Α.,
1653 4231 2219 4295 Archidiaconum
2256 4229 2499 4306 Oxon',
2530 4239 2598 4293 et
2631 4230 2914 4311 receptis
2947 4229 3181 4293 litteris

667 4335 1051 4417 patentibus
1115 4335 1380 4399 Ricardi
1429 4336 1513 4399 de
1583 4335 1834 4412 Eston’,
1865 4335 2099 4410 clerici,
2138 4335 2318 4416 prius
2366 4333 2450 4396 ad
2501 4333 2785 4398 eandem
2832 4334 3179 4397 ecclesiam

666 4439 1047 4521 presentati,
1089 4459 1204 4522 per
1242 4460 1408 4521 quas
1449 4441 2013 4523 presentationem
2048 4438 2132 4502 de
2174 4438 2319 4521 ipso
2360 4437 2603 4502 factam
2646 4437 2729 4501 ad
2773 4436 3055 4500 eandem
3113 4438 3177 4501 in

668 4563 904 4606 manus
943 4544 1196 4607 domini
1232 4544 1547 4626 Episcopi
1583 4565 1744 4627 pure
1782 4554 1850 4607 et
1893 4542 2196 4606 absolute
2236 4542 2610 4622 resignavit,
2646 4562 2761 4623 per
2798 4560 2999 4623 quam
3039 4552 3180 4617 etc.,

665 4646 749 4710 ad
786 4647 998 4729 ipsam
1042 4647 1373 4711 admissus
1410 4659 1529 4725 est,
1560 4658 1629 4711 et
1672 4649 1736 4711 in
1788 4669 1869 4711 ea
1911 4648 2229 4711 canonice
2274 4667 2556 4729 persona
2597 4646 2956 4722 Institutus,
2989 4646 3178 4708 salva

666 4750 928 4813 Thome
974 4751 1059 4814 de
1107 4751 1420 4814 Barthon’
1467 4752 1814 4834 capellano
1860 4751 2103 4814 vicaria
2148 4770 2268 4812 sua
2311 4770 2511 4832 quam
2559 4748 2762 4812 habet
2810 4749 2874 4811 in
2921 4748 3178 4825 eadem,

666 4855 778 4936 qui
817 4854 1088 4935 quidem
1138 4865 1348 4918 totam
1395 4855 1575 4918 illam
1619 4855 1967 4918 ecclesiam
2012 4854 2266 4918 tenebit
2308 4852 2795 4934 quoadvixerit,
2835 4852 3176 4917 reddendo

1602 5054 1615 5083 ¹
1648 5058 1676 5081 ‘¹
1695 5051 2086 5115 Ministratufl’,
2119 5051 2241 5104 MS.
