3596 5866
1163 624 1518 721 Episcopi
1564 625 2135 698 Lincolniensis.
2802 647 2890 717 35

384 858 702 937 Simoni5‚
732 862 989 937 cleric0,
1021 861 1104 924 ad
1154 864 1437 927 eandem
1483 861 1865 946 presentato
1917 866 2113 947 prius,
2159 865 2242 927 ad
2288 865 2499 946 ipsam
2549 863 2672 926 sub
2719 883 2894 945 pena

384 962 668 1027 Concilii
701 965 969 1029 admitti
1000 967 1288 1043 nolente,
1320 988 1438 1050 per
1468 990 1616 1050 que,
1647 979 1788 1044 ete„
1815 968 1897 1031 ad
1932 969 2214 1032 eandem
2250 969 2580 1033 admissus
2611 978 2729 1041 est,
2753 979 2897 1041 etc„

378 1077 449 1130 et
485 1069 877 1132 mandatum
911 1078 1014 1133 est
1045 1070 1227 1133 dicto
1264 1070 1756 1135 Archidiacono
1789 1082 1881 1147 ut,
1914 1084 2037 1135 ete.

382 1269 637 1337 [Amola'
663 1270 730 1323 de
766 1271 1040 1340 Berkeley‚
1065 1272 1401 1333 sub-deacon,
1415 1274 1714 1341 presented
1742 1275 1810 1342 by
1848 1275 1937 1327 tlte
1971 1274 2146 1341 King.
2185 1273 2314 1325 who
2349 1273 2468 1325 had
2494 1273 2780 1326 recovered
2808 1272 2898 1324 tlte

516 1353 833 1418 advowson‚
860 1356 911 1407 is
943 1356 1235 1409 instituted
1245 1360 1458 1424 parson
1483 1358 1554 1426 of
1567 1358 1939 1425 Lillingstone
1964 1357 2149 1416 Lovel‚
2174 1372 2304 1409 now
2323 1357 2384 1409 in
2410 1356 2631 1425 Bucks]

565 1473 1552 1539 LILLINGSTAN’.—Ernaldus
1599 1475 1683 1539 de
1732 1476 2079 1558 Berkelay,
2120 1475 2585 1551 subdiaconuS,
2632 1495 2896 1558 presen-

378 1587 566 1640 tatus
611 1578 698 1641 ad
745 1579 1092 1643 ecclesiam
1139 1579 1225 1644 de
1289 1580 1729 1663 Lillingstane
1776 1602 1895 1663 per
1940 1580 2288 1643 dominum
2341 1580 2595 1662 Regem
2644 1580 2898 1643 ratione

377 1676 712 1745 terrarum
766 1676 1309 1748 Normannorum
1373 1685 1438 1748 in
1503 1706 1702 1748 manu
1766 1705 1888 1748 sua
1948 1685 2405 1760 existentium,
2467 1684 2642 1748 sacta
2719 1684 2898 1766 prius

378 1786 816 1867 inquisitione
876 1808 995 1870 per
1049 1789 1150 1864 Α.,
1207 1789 1775 1852 Archidiaconum
1855 1788 2100 1865 Oxon’,
2160 1799 2227 1852 et
2305 1788 2587 1871 receptis
2666 1788 2898 1852 litteris

378 1887 689 1969 ejusdem
755 1889 1009 1954 domini
1092 1891 1313 1973 Regis,
1379 1892 1558 1974 quod
1626 1892 1691 1955 in
1770 1892 1952 1955 curia
2020 1912 2141 1954 sua
2217 1912 2441 1954 coram
2521 1890 2901 1972 justiciariis

377 1994 523 2055 suis
571 1992 750 2075 apud
802 1993 1475 2059 Westmonasterium
1527 2016 1644 2078 per
1703 1995 2306 2059 considerationem
2367 1994 2669 2075 ejusdem
2724 1993 2901 2057 curie

378 2097 798 2178 recuperavit
828 2098 1141 2160 seisinam
1175 2119 1365 2161 suam
1398 2098 1484 2163 de
1515 2097 1957 2162 advocatione
2003 2098 2278 2162 ecclesie
2323 2096 2409 2161 de
2461 2097 2900 2180 Lillingstane

378 2219 615 2263 versus
668 2200 1033 2264 Radulfum
1084 2200 1170 2265 de
1224 2202 1526 2266 Carevill’
1558 2213 1626 2265 et
1659 2202 2073 2265 Willelmum
2125 2201 2210 2265 de
2266 2200 2558 2277 Osevill',
2592 2221 2709 2283 per
2753 2221 2900 2282 que,

377 2313 529 2379 etc„
559 2303 647 2366 ad
678 2303 963 2367 eandem
996 2304 1326 2369 admissus
1358 2317 1477 2382 est,
1508 2316 1629 2369 ete.
1724 2306 1816 2369 Et
1864 2305 2255 2369 mandatum
2304 2316 2404 2369 est
2450 2305 2632 2368 dicto
2669 2305 2900 2368 Archi-

385 2406 679 2471 diacono
711 2417 802 2485 ut,
834 2418 955 2471 etc,

383 2600 575 2671 [John
617 2602 687 2655 de
728 2603 1044 2663 Crakehale‚
1081 2604 1315 2658 collated
1352 2606 1419 2673 by
1462 2605 1554 2658 the
1597 2605 1823 2673 Bishop,
1859 2607 1909 2658 is
1943 2605 2235 2660 instituted
2258 2611 2467 2675 parson
2503 2606 2574 2673 os
2601 2604 2903 2665 Somerton,

522 2684 698 2752 April
727 2703 772 2751 9,
816 2703 959 2753 1231.
999 2686 1065 2754 by
1103 2686 1194 2739 the
1224 2686 1501 2756 authority
1536 2689 1608 2757 os
1636 2687 1728 2740 tlte
1768 2687 2008 2739 Council.
2075 2687 2312 2742 Eustace
2347 2687 2414 2740 de
2456 2686 2762 2739 Greinville
2791 2684 2913 2738 lead

510 2767 813 2832 presented
830 2767 920 2819 his
940 2768 1173 2835 nephew
1194 2768 1397 2822 Robert
1415 2785 1485 2821 on
1513 2771 1626 2822 Oct.
1653 2786 1728 2833 ιο,
1755 2772 1929 2836 1230]

572 2888 1496 2971 SOMERTONE.—Johannes
1543 2889 1626 2953 de
1676 2888 2047 2954 Crakehale
2088 2887 2343 2973 [blank]
2360 2886 2392 2964 ,¹
2443 2889 2546 2952 cui
2594 2888 2906 2952 dominus

385 2993 771 3075 Episcopus
802 2993 1199 3056 auctoritate
1231 2992 1510 3057 Concilii
1543 2993 1826 3057 contulit
1856 2994 2204 3058 ecclesiam
2237 2993 2322 3056 de
2371 2993 2787 3069 Sumertone,
2819 2993 2902 3056 ad

379 3095 675 3160 eandem
707 3094 1040 3159 admissus
1072 3106 1189 3160 est.
1288 3097 1375 3160 Et
1408 3096 1805 3160 mandatum
1837 3107 1939 3160 est
1980 3097 2081 3172 Α.,
2132 3096 2626 3160 Archidiacono
2659 3095 2903 3173 Oxon’,

380 3209 481 3276 ut,
542 3210 684 3275 ete„
736 3199 922 3262 salvo
982 3221 1140 3264 vero
1203 3211 1504 3282 patron0,
1564 3221 1717 3263 cum
1780 3221 1930 3263 eam
2007 3200 2171 3263 alias
2233 3220 2468 3263 vacare
2529 3201 2903 3282 contigerit,

373 3303 532 3384 jure
563 3302 991 3385 presentandi
1025 3304 1108 3366 ad
1142 3303 1442 3367 eandem.
1500 3381 1515 3392 ‚
1538 3303 1931 3368 Notandum
1967 3324 2121 3367 vero
2168 3303 2348 3385 quod
2395 3301 2577 3367 dicta
2621 3302 2904 3366 ecclesia

380 3406 570 3488 cepit
623 3427 859 3470 vacare
908 3406 1018 3470 die
1076 3407 1267 3471 Lune
1314 3408 1623 3490 proxima
1671 3417 1825 3490 post
1873 3407 2355 3470 exaltationem
2403 3417 2632 3481 sancte
2677 3407 2904 3482 cruciS,

379 3528 568 3572 anno
614 3511 927 3592 proximo
975 3512 1305 3594 preterito,
1401 3512 1815 3575 Presentavit
1847 3521 2071 3575 autem
2104 3511 2505 3574 Eustachius
2536 3510 2621 3574 de
2670 3510 2901 3575 Grein-

382 3612 522 3676 vill'
579 3614 971 3695 magistrum
1039 3614 1408 3679 Robertum
1473 3625 1787 3697 nepotem
1852 3635 2044 3677 suum
2107 3614 2217 3677 die
2264 3614 2546 3677 Veneris
2594 3614 2903 3696 proxima

380 3726 541 3799 post
591 3716 834 3779 festum
889 3719 1101 3781 sancti
1158 3717 1441 3781 Dionisii
1498 3720 1812 3801 proximo
1858 3738 2160 3800 sequenS‚
2186 3728 2254 3781 et
2286 3717 2408 3781 fuit
2440 3716 2684 3780 collata
2715 3716 2898 3780 dicto

379 3820 466 3902 J.,
486 3821 725 3901 quinto
753 3820 912 3884 Idus
939 3822 1192 3904 Aprilis
1217 3823 1558 3905 sequentis
1593 3843 1805 3885 mane.

378 3989 617 4058 [Robert
646 3990 715 4044 de
752 3989 934 4059 Haya,
963 3991 1261 4059 presented
1285 3991 1352 4059 by
1389 3992 1480 4045 the
1500 3991 1680 4045 Abbot
1695 3991 1817 4044 and
1839 3992 2089 4044 Conveni
2114 3992 2186 4060 os
2210 3989 2517 4059 Eynslnam,
2543 3991 2594 4042 is
2615 3989 2907 4043 instituted

506 4075 724 4139 parson
747 4074 819 4141 of
830 4072 1118 4126 Souldem.
1188 4073 1388 4127 Robert
1406 4073 1476 4127 de
1507 4073 1957 4143 Wenlingburgh
1980 4072 2293 4126 renounced
2310 4072 2401 4125 his
2421 4071 2625 4140 claim]

565 4191 1437 4257 SUTHORNE.—Robertus
1499 4192 1583 4257 de
1649 4193 1852 4275 Haya
1937 4191 2191 4276 [blank]
2206 4192 2243 4268 ,²
2304 4202 2722 4274 presentatus
2783 4212 2901 4274 per

380 4295 734 4359 Abbatem
767 4305 835 4358 et
865 4305 1269 4359 conventum
1303 4296 1389 4360 de
1423 4296 1878 4378 Eygnesham'
1911 4296 1996 4359 ad
2030 4296 2375 4360 ecclesiam
2411 4294 2495 4358 de
2543 4295 2880 4361 Sulthorn'

378 4398 691 4462 Roberto
739 4396 824 4462 de
877 4397 1364 4482 Wenlingburg
1418 4400 1596 4481 prius
1658 4409 2042 4481 presentato
2102 4399 2186 4462 ad
2247 4397 2530 4462 eandem
2586 4397 2715 4480 juri
2776 4420 2898 4462 suo

375 4511 630 4586 sponte
689 4511 756 4565 et
804 4501 1109 4565 absolute
1169 4503 1610 4579 renuntiante,
1656 4502 1835 4565 sacta
1895 4503 2074 4585 prius
2139 4502 2565 4584 inquisitione
2629 4522 2746 4584 per
2794 4503 2896 4579 Α.,

380 4604 961 4670 Archidiaconum
997 4605 1240 4682 Oxon',
1274 4627 1391 4689 per
1420 4627 1568 4688 que,
1598 4617 1740 4682 etc„
1772 4607 1856 4669 ad
1897 4606 2180 4670 eandem
2229 4605 2559 4669 admissus
2604 4614 2724 4682 est,
2756 4615 2899 4682 etc„

376 4720 455 4774 et
485 4708 881 4773 mandatum
914 4719 1017 4772 est
1046 4708 1228 4773 dicto
1262 4708 1755 4772 Archidiacono
1791 4719 1881 4786 ut,
1911 4719 2053 4786 ete„
2084 4710 2267 4774 salva
2298 4709 2497 4772 dictis
2531 4708 2783 4772 Abbati
2830 4719 2899 4773 et

379 4814 749 4877 conventui
780 4834 1003 4877 annua
1034 4824 1303 4877 centum
1336 4813 1701 4876 solidorum
1736 4814 2059 4896 pensione
2092 4814 2176 4876 de
2206 4813 2461 4876 eadem.

606 5013 625 5043 ¹
656 5012 992 5075 '‘Clericus’',
1019 5012 1306 5078 originally
1329 5011 1562 5073 written,
1590 5011 1690 5062 has
1714 5011 1858 5062 been
1886 5011 2098 5062 erased.

607 5095 630 5124 ²
654 5093 794 5146 This
817 5108 987 5160 space
1010 5109 1129 5146 was
1154 5092 1250 5146 lest
1278 5092 1361 5144 sor
1386 5109 1418 5145 a
1442 5092 1596 5144 word
1620 5100 1678 5144 to
1707 5092 1961 5144 describe
1981 5093 2034 5144 in
2060 5094 2207 5146 what
2237 5091 2429 5143 orders
2456 5090 2526 5142 he
2550 5106 2682 5142 was.

2614 5173 2664 5222 D
2692 5176 2727 5222 2
