3596 5866
1128 490 1485 586 Episcopi
1511 488 2075 562 Lz'ncolnz'ensz‘s.
2750 511 2881 584 147

371 732 673 794 Thomas
734 731 819 794 de
881 730 1118 813 Longa
1178 731 1376 806 Villa,
1448 730 1634 792 Prior
1703 729 1932 794 Sancti
2003 728 2275 792 Andree
2338 730 2887 812 Norhamptonie,

372 835 658 898 salutern
694 835 761 897 in
795 855 950 898 vero
982 835 1270 897 salutari.
1367 833 1463 897 Ut
1494 853 1572 896 ea
1603 853 1733 914 que
1764 832 1943 894 bona
1974 831 2104 895 fide
2146 832 2314 896 fiunt
2344 834 2489 896 aliis
2520 835 2790 898 veniant
2821 836 2886 901 in

373 939 686 1001 notitiam
743 949 961 1002 vestra
1023 938 1278 1000 noverit
1325 938 1719 1000 universitas
1774 957 1882 999 me
1929 937 2182 999 litteras
2227 936 2481 1000 domini
2546 938 2890 1020 Stephani,

376 1043 620 1106 Prioris
653 1043 739 1105 de
772 1042 1085 1118 Caritate,
1117 1040 1473 1104 venerabili
1514 1041 1704 1123 patri,
1740 1040 2186 1102 Lincolniensi
2225 1040 2578 1122 EpiscopO,
2614 1042 2888 1126 Hugoni

371 1146 671 1210 secundo
735 1147 1112 1228 porrexisse
1171 1144 1296 1207 sub
1349 1144 1473 1207 hac
1523 1143 1769 1208 forma:
1818 1144 2444 1208 “Reverendissimo
2489 1146 2764 1209 domino
2824 1157 2891 1211 et

375 1251 572 1334 patri,
602 1260 744 1327 etc.,
775 1259 850 1312 ut
892 1249 1141 1331 supra''.
1235 1248 1406 1313 Cum
1432 1249 1632 1331 igitur
1661 1247 1845 1310 dicto
1875 1247 2151 1310 domino
2188 1249 2526 1331 Episcopo
2549 1249 2634 1312 de
2676 1251 2892 1333 sigillo

371 1354 540 1417 dicti
591 1354 829 1416 Prioris
861 1353 1057 1416 dictis
1104 1353 1338 1416 litteris
1370 1353 1692 1434 impresso
1740 1351 2065 1434 legittime
2097 1362 2448 1429 constaret,
2489 1363 2557 1416 et
2587 1354 2766 1435 quod
2809 1353 2893 1418 de

370 1457 788 1519 conscientia
818 1467 887 1519 et
921 1477 1120 1519 manu
1156 1457 1361 1538 ipsius
1413 1457 1651 1518 Prioris
1693 1455 1983 1537 sigillum
2032 1456 2249 1538 ipsum
2294 1456 2527 1520 litteris
2571 1457 2730 1538 ipsis
2774 1458 2895 1521 fuit

372 1561 786 1643 appositum,
840 1559 1017 1622 idem
1078 1559 1392 1622 dominus
1453 1580 1578 1633 me,
1639 1560 1989 1622 occasione
2043 1559 2406 1623 litterarum
2464 1561 2753 1642 ipsarum
2809 1561 2892 1625 ad

377 1664 755 1746 prioratum
807 1662 1039 1728 Sancti
1083 1662 1354 1725 Andree
1396 1662 1932 1744 Norhamptonie
1974 1662 2261 1738 admisit,
2315 1673 2381 1726 et
2427 1664 2717 1727 Priorem
2768 1665 2895 1728 sol-

375 1768 739 1848 lempniter
759 1767 1046 1829 instituit
1068 1767 1132 1828 in
1154 1765 1410 1842 eodem,
1429 1786 1655 1827 curam
1679 1766 1838 1828 mihi
1863 1766 2328 1846 temporalium
2350 1777 2417 1829 et
2437 1768 2898 1849 spiritualium,

371 1871 792 1934 exteriorum
824 1881 892 1933 et
943 1872 1346 1946 interiorum,
1390 1871 1473 1933 ad
1515 1870 1769 1932 dictum
1817 1871 2178 1952 prioratum
2225 1872 2715 1953 pertinentium,
2753 1884 2896 1936 tan-

370 1995 587 2056 quam
609 1974 1021 2051 diocesanuS,
1047 1975 1546 2038 committendo
1601 1975 1751 2056 Ego
1770 1984 1995 2037 autem
2021 1975 2238 2037 eidem
2259 1975 2535 2038 domino
2563 1977 2900 2061 Episcopo

369 2080 774 2141 canonicam
809 2078 953 2154 feci,
985 2080 1154 2142 sicut
1188 2080 1387 2141 moris
1418 2087 1538 2154 est,
1570 2072 2038 2141 obedientiam.
2135 2078 2223 2140 Et
2257 2080 2322 2140 in
2363 2079 2560 2159 hujus
2593 2081 2682 2143 rei
2716 2083 2898 2145 testi-

376 2183 685 2244 monium
721 2183 1137 2265 presentibus
1169 2184 1403 2246 litteris
1437 2182 1724 2264 sigillum
1761 2202 1983 2244 meum
2017 2183 2314 2263 apposui.
2407 2184 2698 2247 Valete.''

1395 2598 1676 2662 ANNUS
1722 2595 1903 2660 xxm·

375 2747 673 2812 [William
706 2747 774 2800 de
807 2748 1043 2807 Scother‚
1078 2747 1413 2810 snb-deacon,
1441 2747 1739 2814 presented
1765 2747 1833 2815 by
1855 2747 1945 2799 tlte
1980 2747 2159 2800 Abbot
2187 2746 2308 2799 and
2342 2747 2594 2800 Convent
2628 2748 2700 2814 os
2724 2749 2908 2802 Peter·

520 2829 782 2896 borough,
824 2833 874 2882 is
906 2831 1200 2883 instituted
1226 2836 1279 2882 to
1313 2830 1403 2883 the
1435 2829 1636 2882 churclz
1670 2830 1741 2897 os
1779 2830 1845 2880 K
1837 2831 2087 2898 etten'ng.
2181 2830 2294 2881 The
2331 2832 2553 2882 ancient
2582 2833 2818 2897 pension
2859 2834 2909 2885 is

521 2912 780 2966 reserved
796 2919 850 2966 to
871 2913 961 2966 the
982 2915 1252 2966 sacr-istan
1274 2915 1345 2983 os
1367 2913 1817 2981 Peterborouglz]

574 3050 1471 3132 KETERINGE.—Magister
1530 3051 1909 3113 Willelmus
1957 3050 2043 3113 de
2098 3050 2395 3127 Scother‚
2448 3050 2910 3127 subdiaconuS,

387 3164 815 3237 presentatus
850 3174 968 3235 per
1015 3153 1356 3216 Abbatem
1393 3164 1460 3217 et
1508 3164 1911 3216 conventum
1963 3153 2151 3216 Beati
2203 3154 2377 3216 Petri
2425 3154 2509 3216 de
2557 3154 2780 3236 Burgo
2825 3154 2909 3217 ad

382 3258 744 3320 ecclesiam
786 3255 872 3319 de
915 3257 1299 3338 Keteringe,
1341 3256 1516 3319 sacta
1556 3257 1736 3338 prius
1778 3257 2203 3338 inquisitione
2245 3277 2359 3333 per
2402 3257 2498 3333 R„
2540 3256 2911 3321 Officialem

396 3363 461 3425 N
469 3362 940 3444 orhamptonie
971 3372 1038 3424 et
1075 3361 1368 3424 Ranulfo
1398 3361 1482 3424 de
1518 3362 1832 3424 Ferrariis
1863 3361 2101 3436 eidem,
2131 3382 2212 3424 eo
2243 3361 2421 3442 quod
2456 3361 2632 3424 aliud
2669 3362 2915 3443 recepit

392 3463 796 3527 beneficium
865 3466 968 3527 cui
1031 3486 1187 3527 cura
1248 3466 1618 3527 animarum
1682 3485 1967 3541 annexa,
2029 3465 2416 3529 litteratorie
2476 3466 2915 3540 renuntiante,

394 3590 518 3651 per
572 3589 702 3651 que
758 3569 1100 3651 negotium
1150 3579 1291 3631 erat
1343 3570 1406 3631 in
1457 3568 1800 3649 expedito,
1846 3568 1929 3631 ad
1977 3568 2260 3631 eandem
2309 3570 2638 3632 admissus
2684 3581 2803 3644 est,
2849 3580 2917 3633 et

391 3675 464 3734 in
506 3693 587 3735 ea
628 3673 947 3735 canonice
989 3693 1273 3754 persona
1315 3673 1654 3735 institutus
1686 3694 1699 3747 ;
1738 3672 1921 3734 salva
1955 3671 2269 3735 Sacristie
2307 3672 2393 3736 de
2435 3672 2658 3755 Burgo
2689 3672 2916 3735 debita

389 3786 466 3840 et
515 3777 795 3857 antiqua
842 3776 1164 3857 pensione
1201 3775 1286 3838 de
1332 3776 1584 3838 eadem.
1678 3775 1767 3837 Et
1817 3775 2208 3838 mandatum
2256 3785 2356 3838 est
2402 3775 2583 3838 dicto
2631 3774 2915 3838 officiali

397 3890 474 3943 ut
510 3880 729 3961 ipsum
766 3880 830 3941 in
866 3880 1275 3961 corporalem
1310 3880 1513 3963 ipsius
1545 3880 1820 3942 ecclesie
1853 3880 2336 3961 possessionem
2372 3880 2656 3942 inducat.

391 4289 696 4359 [Nicholas
728 4290 798 4341 de
838 4289 1046 4350 Grava,
1086 4290 1422 4352 sub-deam,
1456 4289 1755 4358 presented
1787 4291 1853 4356 by
1898 4289 1988 4342 the
2023 4306 2175 4342 same
2210 4290 2262 4342 A
2267 4289 2387 4342 bbot
2416 4290 2537 4341 and
2575 4289 2831 4353 Conveni,
2874 4292 2923 4343 is

535 4371 825 4423 instituted
841 4377 896 4424 to
919 4372 1011 4424 tlte
1032 4372 1231 4425 cknrch
1258 4374 1329 4440 of
1359 4372 1610 4433 Yinwell,
1639 4372 1927 4440 Rutland.]

584 4506 1485 4590 TINEWELLE.—Magister
1561 4508 1928 4571 Nicholaus
2002 4508 2087 4570 de
2163 4508 2400 4583 Grava,
2460 4507 2925 4587 subdiaconuS,

399 4620 830 4693 presentatus
878 4631 994 4693 per
1028 4610 1368 4674 Abbatem
1412 4622 1480 4674 et
1526 4623 1929 4674 conventum
1973 4624 2047 4675 ut
2093 4632 2291 4693 supra
2334 4611 2418 4674 ad
2461 4613 2806 4675 ecclesiam
2841 4613 2925 4677 de

403 4715 812 4797 Tynewelle,
859 4714 1033 4778 facta
1090 4716 1269 4797 prius
1319 4716 1747 4797 inquisitione
1797 4736 1913 4798 per
1965 4717 2062 4792 R„
2117 4716 2490 4781 Officialem
2550 4716 2925 4800 Norhamp-

402 4819 611 4893 tonie,
645 4839 762 4900 per
791 4839 1013 4901 quam,
1044 4828 1187 4894 ete„
1218 4818 1303 4882 ad
1336 4820 1621 4883 eandem
1662 4820 1992 4883 admissus
2033 4831 2152 4897 est,
2182 4831 2304 4884 ete.
2399 4820 2488 4883 Et
2533 4821 2925 4885 mandatum

404 4934 519 4988 est
546 4924 729 4987 dicto
763 4922 1048 4988 Officiali
1085 4934 1175 5000 ut,
1206 4934 1327 4988 ete.

2711 5047 2745 5085 ι.
2767 5047 2797 5086 2
