3596 5866
698 547 831 617 154
1296 541 1299 545 ’
1387 523 1656 596 Rotuli
1685 524 2041 619 Hugonis
2088 525 2173 597 de
2227 524 2492 602 Welles

684 767 768 829 de
805 766 1127 842 Wedone,
1167 766 1341 829 facta
1388 766 1567 847 prius
1614 766 2042 848 inquisitione
2090 787 2207 847 per
2257 766 2656 848 Magistrum
2705 766 2790 841 5.,
2823 765 3198 830 Officialem

689 871 1237 954 Norhamptonie,
1270 890 1386 952 per
1429 891 1651 952 quam,
1681 880 1823 947 etc.,
1856 870 1940 932 ad
1987 870 2271 933 eandem
2323 870 2656 932 admissus
2703 882 2822 946 est,
2864 869 2987 931 sub
3028 889 3203 952 pena

682 987 750 1039 et
798 996 995 1038 onere
1048 975 1459 1050 vicariorum,
1507 985 1628 1038 etc.
1720 974 2044 1038 Consistit
2098 985 2322 1037 autem
2383 976 2448 1037 in
2503 974 2782 1037 decimis
2843 973 3197 1055 garbarum

686 1077 866 1160 xijcim
927 1080 1330 1161 virgatarum
1386 1089 1453 1141 et
1500 1078 1797 1153 dimidie,
1846 1088 1913 1140 et
1975 1079 2041 1139 in
2103 1078 2299 1140 tertia
2365 1088 2552 1159 parte
2613 1079 2818 1140 totius
2878 1078 3205 1159 altaragii,

684 1186 986 1266 exceptis
1034 1183 1306 1246 minutis
1338 1182 1614 1245 decimis
1656 1182 1740 1245 de
1785 1183 1966 1244 curia
2007 1180 2283 1258 domini,
2314 1192 2380 1245 et
2422 1182 2873 1245 oblationibus
2922 1182 3005 1245 ad
3057 1182 3201 1245 reli-

685 1288 875 1368 quias
905 1288 1179 1350 ecclesie
1211 1287 1295 1349 de
1328 1285 1633 1349 Wedone
1667 1286 2228 1368 provenientibus
2259 1296 2326 1349 et
2357 1297 2648 1369 excepta
2680 1286 2960 1349 candela
2992 1288 3057 1348 in
3090 1287 3199 1349 die

687 1391 1160 1473 purificationis
1209 1392 1414 1455 Beate
1464 1392 1714 1467 Marie;
1759 1403 1827 1455 et
1865 1393 2040 1455 valet
2088 1392 2231 1473 ipsa
2277 1393 2520 1454 vicaria
2562 1414 2601 1454 v
2643 1412 2898 1454 marcas
2944 1403 3012 1455 et
3059 1412 3201 1453 am·

685 1495 872 1576 plius,
906 1516 1021 1575 per
1050 1495 1396 1558 dominum
1435 1496 1845 1578 Episcopum
1879 1497 2272 1559 auctoritate
2304 1496 2565 1559 concilii
2600 1495 2924 1558 ordinata.

815 1779 1007 1842 [Mem.
1034 1783 1101 1842 7.]

683 1900 701 1959 [
706 1895 875 1960 John,
902 1910 1000 1945 son
1032 1896 1101 1962 of
1125 1894 1417 1960 Reginald.
1437 1893 1734 1960 presented
1759 1893 1827 1960 by
1850 1894 1940 1945 lu’s
1969 1893 2191 1946 brother
2212 1894 2415 1961 Ralph,
2442 1895 2598 1961 after
2620 1911 2655 1946 a
2678 1893 2896 1960 disputa
2925 1894 3092 1946 about
3111 1894 3204 1947 the

805 1981 1131 2045 patronage‚
1157 1978 1207 2028 is
1228 1976 1516 2027 instituted
1533 1981 1587 2027 to
1611 1976 1700 2027 tlte
1721 1976 1923 2028 churclz
1946 1977 2020 2044 of
2042 1976 2099 2026 E
2100 1981 2191 2028 ast
2215 1976 2485 2040 Carlton]

861 2095 1784 2177 KARLETONE.—-Johannes
1834 2093 2005 2156 filius
2062 2095 2419 2177 Reginaldi
2457 2094 2792 2176 [mortuus
2840 2105 2941 2157 est
2988 2095 3216 2157 scored

684 2197 1008 2280 through}
1042 2209 1458 2280 presentatus
1492 2220 1608 2279 per
1643 2197 2027 2272 Radulfum‚
2062 2198 2329 2261 fratrem
2367 2219 2580 2273 suum,
2612 2198 2697 2261 ad
2733 2198 3080 2261 ecclesiam
3117 2198 3204 2261 de

689 2302 1072 2377 Karletone,
1126 2302 1301 2365 facta
1350 2303 1530 2382 prius
1584 2303 2013 2383 inquisitione
2067 2322 2184 2383 per
2238 2301 2637 2383 Magistrum
2697 2302 2782 2376 5.,
2826 2301 3197 2365 Officialem

688 2402 1157 2465 Archidiaconi
1204 2402 1753 2483 Norhamptonie,
1792 2413 1862 2463 et
1902 2402 2184 2483 receptis
2226 2401 2461 2463 litteris
2500 2401 2756 2464 domini
2800 2403 3005 2488 Regis
3045 2423 3202 2464 con-

684 2507 1049 2569 tinentibus
1131 2506 1310 2588 quod
1405 2507 1715 2568 convenit
1803 2507 1866 2567 in
1966 2508 2147 2568 curia
2233 2526 2456 2568 coram
2541 2505 2926 2586 justiciariis
3017 2506 3198 2589 apud

687 2609 1355 2672 Westmonasterium
1401 2611 1569 2672 inter
1615 2610 1977 2672 Radulfum
2029 2609 2235 2672 filium
2288 2610 2661 2691 Reginaldi,
2694 2621 3100 2691 querentem,
3132 2621 3200 2673 et

686 2712 1025 2775 Abbatem
1097 2714 1324 2778 Sancti
1393 2713 1625 2793 Jacobi
1695 2713 2230 2795 Norhamptonie
2289 2722 2357 2775 et
2418 2712 2779 2795 Hugonem
2839 2715 2926 2777 de
2976 2716 3202 2777 Pates-

683 2815 856 2889 hille,
888 2815 1346 2892 deforciantes,
1377 2817 1462 2878 de
1494 2816 1933 2879 advocatione
1963 2817 2240 2879 ecclesie
2259 2815 2343 2878 de
2379 2816 2763 2893 Karletone,
2786 2818 2963 2880 unde
2994 2819 3201 2880 assisa

685 2918 917 2982 ultime
968 2920 1476 3002 presentationis
1530 2922 1938 2984 summonita
1993 2920 2115 2983 fuit
2166 2921 2336 2983 inter
2398 2942 2514 2983 eos
2574 2922 2638 2983 in
2699 2921 2935 2985 eadem
3004 2923 3203 2997 curia,

680 3024 946 3098 scilicet,
1002 3024 1181 3105 quod
1233 3024 1509 3105 predicti
1565 3025 1798 3087 Abbas
1849 3036 1914 3087 et
1972 3025 2178 3106 Hugo
2235 3036 2766 3106 recognoverunt
2832 3026 3199 3107 predictam

685 3127 1192 3190 advocationem
1226 3148 1370 3190 esse
1398 3127 1505 3208 jus
1538 3130 1743 3211 ipsius
1780 3128 2045 3191 Radulfi
2080 3139 2146 3191 et
2184 3150 2329 3191 eam
2376 3130 2769 3191 remiserunt
2801 3140 2867 3193 et
2905 3132 3199 3212 quietam

684 3233 1136 3295 clamaverunt
1175 3232 1259 3294 de
1299 3253 1369 3294 se
1407 3244 1472 3295 et
1513 3233 2001 3295 successoribus
2045 3234 2180 3295 suis
2224 3233 2524 3315 predicto
2569 3232 2861 3295 Radulfo
2912 3244 2977 3296 et
3017 3236 3200 3298 here-

685 3336 880 3398 dibus
912 3338 1046 3398 suis
1080 3338 1144 3399 in
1181 3348 1594 3418 perpetuum,
1626 3336 1810 3398 salva
1850 3337 2067 3399 eidem
2106 3336 2384 3419 Hugoni
2418 3347 2485 3399 et
2517 3337 3006 3400 successoribus
3050 3340 3203 3413 suiS,

685 3442 982 3521 personis
1035 3441 1308 3503 ecclesie
1349 3440 1434 3503 de
1474 3441 1900 3522 Cotingham,
1939 3439 2218 3502 dimidia
2259 3461 2482 3502 marca
2524 3442 2874 3504 annuatim
2922 3442 3201 3523 percipi·-

683 3544 856 3614 enda
892 3546 1161 3607 nomine
1193 3543 1493 3606 beneficii
1528 3544 1611 3606 de
1645 3564 1929 3625 persona
1960 3543 2235 3606 ecclesie
2267 3543 2353 3607 de
2386 3544 2771 3619 Karletone,
2803 3565 3197 3627 quecunque

686 3647 897 3723 fuerit,
930 3670 1047 3730 per
1077 3670 1223 3730 que,
1255 3659 1394 3723 etc.,
1426 3648 1510 3710 ad
1554 3648 1837 3711 eandem
1878 3649 2208 3711 admissus
2255 3658 2356 3710 est
2398 3648 2522 3710 sub
2555 3668 2729 3730 pena
2764 3649 3043 3723 concilii,
3074 3660 3204 3712 ete.

689 3752 779 3813 Et
843 3752 1235 3814 mandatum
1299 3762 1399 3815 est
1460 3753 1641 3815 dicto
1704 3752 1992 3815 Officiali
2056 3761 2144 3828 ut,
2204 3761 2325 3813 ete.
2425 3752 2537 3833 [ln
2599 3752 2705 3814 the
2774 3753 3035 3834 margin
3060 3752 3198 3835 .·-]

687 3856 948 3918 Desunt
983 3856 1198 3919 littere
1231 3858 1760 3938 presentationis

681 4155 904 4218 [Robert
918 4156 1235 4217 Passelewe,
1248 4155 1544 4223 presented
1560 4155 1625 4222 by
1653 4156 1889 4207 Thomas
1914 4155 2099 4222 l’igot,
2118 4158 2268 4223 aster
2285 4172 2320 4206 a
2345 4155 2562 4222 despute
2583 4155 2751 4206 about
2763 4155 2854 4207 the
2866 4158 3195 4223 patronage,

813 4238 863 4288 is
884 4238 1174 4289 instituted
1190 4243 1243 4289 to
1264 4236 1354 4289 the
1374 4237 1577 4289 churclz
1601 4237 1672 4304 of
1690 4237 1907 4289 Church
1932 4237 2287 4305 Brampton]

862 4357 1780 4420 BRAMPTONE.—Robertus
1847 4357 2228 4432 Passelewe,
2278 4354 2560 4438 [blank-L
2611 4365 3028 4437 presentatus
3084 4376 3202 4438 per

686 4460 1018 4523 Thomam
1049 4462 1259 4543 Pycot
1290 4461 1375 4523 ad
1408 4462 1753 4523 ecclesiam
1783 4461 1867 4523 de
1896 4461 2322 4543 Bramptone,
2354 4460 2530 4522 facta
2557 4459 2737 4541 prius
2773 4460 3203 4541 inquisitione

686 4585 802 4646 per
858 4564 1254 4644 Magistrum
1313 4565 1397 4639 5.,
1447 4565 1820 4628 Officialem
1881 4564 2436 4646 Norhamptonie,
2488 4574 2555 4626 et
2619 4565 2903 4645 receptis
2964 4564 3200 4626 litteris

686 4668 937 4730 domini
1006 4669 1210 4750 Regis
1267 4669 1760 4730 continentibus
1822 4667 2004 4749 quod
2070 4668 2368 4731 Thomas
2434 4669 2650 4748 Pycot
2714 4668 2779 4728 in
2842 4668 3023 4729 curia
3081 4688 3203 4729 sua

686 4792 907 4833 coram
959 4771 1338 4851 justiciariis
1392 4773 1526 4833 suis
1581 4770 1757 4853 apud
1813 4771 2491 4833 Westmonasterium
2554 4770 2966 4851 recuperavit
3020 4770 3203 4832 seisi-

687 4897 841 4939 narn
890 4896 1077 4937 suam
1126 4895 1352 4937 versus
1402 4873 1764 4936 Radulfum
1815 4873 1900 4936 de
1948 4874 2011 4936 la
2062 4873 2261 4955 Haye
2308 4873 2392 4936 de
2439 4873 2883 4936 advocatione
2928 4873 3211 4936 ecclesie

685 4981 769 5043 de
805 4980 1229 5060 Bramptone,
1263 4998 1378 5060 per
1408 4978 1684 5039 assisam
1719 4977 1954 5040 ultime
1993 4978 2505 5058 presentationis
2550 4976 2706 5039 inde
2751 4976 2839 5038 ibi
2886 4977 3057 5039 inter
3086 4997 3211 5039 eos
