3596 5866
1150 544 1503 640 Episcopi
1551 542 2113 616 Lz'ncolm'ensz's.
2753 565 2770 612 1
2799 564 2821 612 1
2851 564 2871 610 1

379 786 457 850 de
507 805 681 848 novo
730 784 1133 848 contulimus
1194 803 1312 866 per
1365 803 1638 846 manum
1699 782 1859 846 dicti
1918 783 2245 865 Johannis
2306 792 2372 846 et
2433 803 2885 846 successorum

379 909 639 953 suorum
682 890 953 952 nomine
994 888 1293 971 perpetui
1337 887 1635 951 beneficii
1677 887 2023 950 annuatim
2068 886 2524 969 percipiendis»,
2565 907 2697 949 una
2734 905 2885 948 cum

378 995 600 1058 decem
656 992 888 1056 solidis
927 993 1165 1055 annuis
1206 1012 1373 1073 quos
1414 993 1594 1074 prius
1632 990 1717 1053 de
1756 990 1992 1053 eadem
2034 991 2312 1054 ecclesia
2352 991 2691 1072 percipere
2731 1010 2886 1052 con·

378 1106 742 1161 sueverunt.
839 1096 927 1160 Et
991 1095 1383 1159 mandatum
1445 1104 1563 1172 est,
1613 1104 1735 1158 etc.
1831 1094 1985 1158 Non
2041 1093 2363 1157 habemus
2426 1093 2679 1157 litteras
2741 1113 2885 1176 pre-

377 1199 782 1263 sentationis.

374 1523 538 1592 [John
576 1523 644 1576 de
682 1522 1018 1592 Eyncsltam,
1060 1523 1341 1591 anaplum,
1380 1525 1430 1576 is
1464 1522 1757 1575 instituted
1790 1525 1846 1574 to
1884 1522 1973 1574 tlte
1995 1523 2293 1590 perpetual
2322 1523 2584 1590 vicarage
2618 1524 2690 1591 of
2702 1523 2893 1576 Earl's

498 1605 725 1669 Barton,
750 1620 824 1657 on
848 1604 939 1657 the
949 1605 1329 1672 presentation
1352 1605 1423 1672 of
1435 1603 1624 1672 Ralplt
1648 1604 1715 1656 dc
1744 1604 2031 1672 Tynemue.
2059 1603 2150 1656 tlte
2161 1605 2413 1673 pam-om]

543 1749 1327 1832 BARTON'.—Johannes
1380 1749 1465 1812 de
1510 1747 1917 1831 Eynesham,
1963 1748 2411 1830 cappellanuS‚
2473 1759 2891 1831 presentatus

373 1875 485 1936 per
517 1853 882 1917 Radulfum
915 1854 1000 1917 de
1021 1853 1373 1936 Tynemue
1398 1872 1749 1936 personam
1775 1852 2054 1915 ecclesie
2073 1851 2159 1915 de
2194 1853 2441 1916 Barton
2467 1853 2550 1916 ad
2577 1855 2887 1917 vicariam

371 1957 665 2038 ejusdem
700 1958 993 2034 ecclesie,
1024 1957 1109 2021 de
1140 1978 1466 2021 consensu
1502 1956 1867 2019 Abbatisse
1898 1965 1965 2019 et
1997 1965 2364 2019 conventus
2398 1956 2644 2020 Sancte
2680 1958 2891 2021 Marie

368 2061 449 2124 de
499 2063 706 2144 pratis
764 2061 966 2143 juxta
1017 2062 1506 2144 Norhampton,
1557 2061 1732 2123 facta
1775 2060 1956 2141 prius
2009 2061 2436 2141 inquisitione
2487 2082 2604 2143 per
2654 2061 2889 2124 Archi-

368 2165 723 2229 diaconum
789 2166 1342 2248 Norhamptonie,
1402 2176 1543 2240 etc.‚
1610 2164 1941 2227 admissus
2017 2176 2118 2228 est
2179 2175 2246 2228 et
2309 2165 2374 2226 in
2438 2185 2517 2228 ea
2570 2166 2891 2228 canonice

372 2270 651 2332 vicarius
727 2279 1089 2352 perpetuus
1166 2269 1525 2332 institutus
1625 2267 1713 2330 Et
1774 2268 2080 2331 consistit
2142 2268 2252 2329 illa
2313 2269 2556 2331 vicaria
2618 2270 2683 2331 in
2747 2255 2916 2333 toto'

370 2371 688 2455 altaragio
719 2371 1020 2453 ejusdem
1053 2373 1329 2436 ecclesie
1360 2380 1427 2434 et
1463 2373 1528 2434 in
1564 2392 1697 2434 uno
1749 2391 1987 2434 manso
2019 2380 2463 2453 competente,
2493 2381 2560 2434 et
2593 2382 2891 2454 preterea

371 2476 433 2538 in
472 2476 735 2540 redditu
778 2477 971 2539 unius
1014 2496 1233 2540 marce
1272 2475 1551 2558 singulis
1589 2475 1781 2538 annis
1833 2474 2211 2556 recipiendo
2249 2475 2334 2538 de
2387 2475 2650 2538 redditu
2689 2497 2887 2558 quem

371 2579 601 2644 Simon
633 2579 719 2643 de
755 2580 1035 2643 Landen
1067 2580 1270 2644 debet
1316 2599 1434 2662 pro
1476 2589 1649 2643 terra
1686 2599 1888 2660 quam
1929 2588 2127 2643 tenet.
2223 2578 2312 2642 Et
2355 2580 2745 2644 mandatum
2789 2591 2891 2645 est

371 2683 884 2762 ArchidiaconO,
916 2694 1039 2748 etc.

368 3007 614 3075 [Viviam
654 3009 816 3073 clerk,
864 3025 965 3061 son
1010 3010 1082 3077 of
1104 3007 1301 3075 Roger,
1350 3009 1401 3060 is
1443 3006 1735 3060 instituted
1775 3012 1830 3060 to
1874 3007 1963 3060 the
2001 3008 2201 3061 churclz
2237 3009 2310 3076 of
2349 3008 2639 3077 Edgecote.
2684 3026 2757 3063 on
2802 3009 2893 3064 the

480 3093 864 3159 presentation
881 3091 953 3158 of
985 3091 1037 3142 T
1031 3090 1266 3143 heobald
1277 3090 1345 3144 de
1367 3090 1572 3143 Breute
1593 3090 1713 3142 and
1731 3089 1982 3142 Matilda
2006 3089 2093 3141 his
2116 3090 2292 3157 wisa]

544 3226 1409 3291 ECHECOTT'.—Vivianus
1455 3225 1628 3288 filius
1679 3225 1944 3308 Rogeri,
1975 3226 2266 3303 clericuS,
2314 3236 2730 3309 presentatus
2779 3248 2894 3311 per

367 3329 785 3393 Teobaldum
820 3330 904 3394 de
939 3332 1181 3394 Breute
1229 3330 1508 3393 militem
1544 3330 1801 3392 ratione
1833 3329 2010 3391 dotis
2046 3329 2327 3393 Matilde
2372 3332 2600 3394 uxoris
2646 3352 2762 3395 sue
2806 3333 2890 3396 ad

365 3433 713 3497 ecclesiam
747 3433 832 3497 de
870 3435 1231 3510 Echecott'‚
1266 3434 1443 3498 facta
1477 3434 1657 3515 prius
1704 3433 2134 3514 inquisitione
2178 3454 2294 3516 per
2327 3434 2890 3500 Archidiaconum

367 3538 920 3621 Norhamptonie,
951 3548 1091 3614 etc.‚
1135 3558 1253 3620 per
1300 3558 1521 3620 quam,
1554 3547 1696 3613 etc.‚
1734 3538 2059 3620 susceptis
2108 3539 2310 3600 etiam
2361 3538 2595 3603 litteris
2640 3540 2892 3605 domini

369 3642 575 3724 Regis
608 3641 788 3723 quod
828 3641 987 3704 dicti
1028 3641 1413 3705 Teobaldus
1454 3642 1539 3705 de
1590 3642 1758 3704 Brae
1805 3640 1947 3723 [sic]
1997 3650 2063 3703 et
2106 3641 2391 3705 Matilda
2431 3663 2603 3705 uxor
2644 3644 2787 3725 ejus
2826 3646 2892 3708 in

365 3745 546 3807 curia
580 3745 789 3827 ipsius
824 3744 1078 3808 domini
1126 3746 1330 3828 Regis
1369 3766 1591 3808 coram
1631 3744 2013 3825 justiciariis
2051 3746 2187 3806 suis
2224 3745 2402 3828 apud
2437 3746 2895 3811 Westmonas-

361 3848 602 3911 terium
648 3867 765 3930 per
807 3847 1137 3929 judicium
1189 3847 1489 3929 ejusdem
1531 3849 1709 3912 curie
1752 3859 2306 3931 recuperaverunt
2345 3849 2661 3913 saisinam
2703 3872 2891 3915 suam

359 3972 588 4015 versus
635 3951 974 4015 Thomam
1039 3952 1320 4016 Murdac
1374 3952 1459 4016 de
1509 3953 2005 4034 presentatione
2066 3974 2186 4016 sua
2239 3974 2464 4017 versus
2527 3954 2892 4038 predictam

356 4055 733 4133 ecclesiam,
780 4065 922 4132 etc.‚
983 4057 1281 4120 Roberto
1341 4057 1544 4120 etiam
1592 4055 1677 4120 de
1723 4056 2156 4120 Chaucumbe
2218 4057 2427 4121 milite
2475 4060 2895 4123 renuntiante

352 4158 489 4240 juri
521 4179 644 4221 suo
676 4159 856 4241 quod
889 4159 1155 4224 dicebat
1203 4182 1274 4223 se
1312 4160 1558 4224 habere
1605 4161 1671 4223 in
1709 4160 1947 4224 eadem
1992 4161 2286 4238 ecclesia,
2319 4161 2651 4226 admissus
2688 4173 2789 4227 est
2830 4173 2897 4228 et

355 4263 423 4325 in
460 4283 539 4325 ea
570 4263 892 4326 canonice
928 4283 1210 4347 persona
1246 4264 1590 4327 institutus
1621 4287 1634 4341 ;
1682 4264 1773 4328 ita
1805 4264 1985 4347 quod
2034 4264 2099 4326 in
2133 4265 2329 4328 scolis
2361 4266 2445 4328 sit
2482 4277 2550 4331 et
2592 4267 2893 4332 addiscat

355 4375 427 4428 et
460 4364 544 4428 ad
579 4365 973 4429 mandatum
996 4365 1253 4429 domini
1279 4366 1602 4449 Episcopi
1625 4366 1849 4430 veniat
1874 4368 1939 4429 in
1965 4366 2447 4431 subdiaconum
2472 4369 2897 4433 ordinandus

356 4469 529 4532 Vult
561 4479 786 4532 tamen
823 4469 1133 4533 dominus
1169 4470 1542 4554 Episcopus
1573 4471 1631 4532 ei
1666 4469 1750 4533 ad
1795 4479 2063 4553 tempus
2121 4490 2387 4554 parcere
2424 4493 2622 4555 super
2653 4473 2903 4536 ordinis

354 4574 802 4656 susceptione,
853 4573 1009 4656 quia
1052 4574 1319 4655 juvenis
1351 4583 1456 4637 est
1505 4584 1573 4637 et
1618 4574 1909 4637 scolaris
2005 4574 2095 4638 Et
2143 4574 2538 4638 mandatum
2587 4586 2687 4640 est
2722 4578 2904 4642 dicto

355 4677 857 4741 Archidiacono
887 4678 1067 4761 quod
1102 4678 1468 4742 secundum
1504 4677 1784 4741 formam
1823 4679 2231 4761 premissam,
2261 4688 2383 4742 ete.
