3596 5866
705 583 797 656 54
1144 573 1148 577 ’
1398 563 1667 638 Rotulz'
1699 564 2051 662 Hugonz's
2085 565 2195 639 de.
2226 564 2489 639 Welles

698 798 978 867 [Riclmd.
1002 800 1273 869 chaplain,
1291 801 1590 868 presented
1605 801 1672 869 by
1694 802 1776 863 R..
1805 802 1967 855 Dean
1989 804 2059 871 os
2083 802 2330 866 Lincoln,
2356 803 2406 855 is
2428 803 2720 864 instituted
2737 808 2791 856 to
2812 803 2903 857 tlte
2914 807 3214 872 perpetual

826 883 1088 951 vimrage
1110 883 1181 950 os
1192 882 1500 946 Buckland,
1526 883 1707 936 which
1732 883 1957 952 belongs
1981 890 2034 937 to
2047 886 2138 938 the
2149 884 2403 952 prebend
2418 885 2490 952 os
2502 885 2556 937 A
2550 885 2823 954 ylesbuty.
2892 887 3143 941 Richard
3154 890 3205 941 is

826 968 880 1035 to
902 963 1046 1017 have
1066 965 1152 1017 all
1169 965 1259 1018 tlte
1279 965 1492 1028 church,
1508 966 1731 1033 paying
1751 983 1786 1018 a
1798 967 2036 1034 pension
2058 968 2130 1033 of
2139 968 2235 1019 six
2252 966 2443 1019 marks
2465 972 2519 1019 to
2541 967 2632 1020 the
2652 968 2795 1020 dean
2817 970 2889 1033 of
2899 969 3172 1039 Lincoln.]

875 1084 1738 1162 BOCLANDE.—Ricardu5,
1835 1087 2281 1168 cappellanuS,
2379 1098 2798 1169 presentatus
2901 1110 3018 1172 per
3109 1091 3206 1166 R.,

701 1188 1047 1251 Decanum
1130 1187 1683 1265 Lincolniensem,
1755 1188 1840 1251 ad
1919 1201 2311 1272 perpetuam
2385 1192 2695 1254 vicariam
2771 1192 3047 1256 ecclesie
3121 1194 3207 1257 de

700 1289 1036 1354 Boclande
1083 1292 1446 1374 spectantis
1489 1292 1573 1355 ad
1622 1292 2030 1374 prebendam
2079 1293 2165 1357 de
2215 1294 2587 1378 Eylesbiry,
2641 1295 2726 1358 ad
2773 1296 3056 1360 eandem
3101 1309 3204 1361 est

697 1393 1044 1470 admissuS,
1092 1405 1160 1458 et
1204 1395 1486 1458 vicarius
1533 1406 1893 1478 perpetuus
1941 1398 2299 1461 institutus
2397 1398 2695 1463 Habebit
2740 1409 2964 1463 autem
3026 1400 3201 1463 idem

700 1497 1024 1560 Ricardus
1071 1507 1281 1562 totam
1345 1499 1525 1562 illam
1571 1500 1916 1563 ecclesiam
1970 1522 2121 1564 cum
2170 1502 2584 1584 pertinentiis
2633 1504 2902 1566 nomine
2947 1505 3204 1573 vicarie,

695 1609 1015 1674 solvendo
1046 1611 1201 1673 inde
1231 1610 1413 1674 dicto
1447 1612 1723 1675 Decano
1755 1623 1825 1676 et
1854 1614 2343 1677 successoribus
2376 1615 2510 1678 suis
2541 1614 2720 1679 dicte
2751 1616 3088 1699 prebende
3117 1616 3203 1680 de

698 1714 1051 1796 Eylesbiry
1082 1716 1418 1779 canonicis
1464 1736 1754 1779 annuam
1803 1737 1925 1780 sex
1975 1738 2344 1782 marcarum
2392 1720 2800 1802 pensionem.
2895 1721 2986 1784 Et
3017 1741 3202 1784 man·

694 1816 927 1881 datum
961 1829 1082 1895 est,
1112 1830 1233 1883 ete.

694 2028 783 2098 [H
779 2029 1048 2099 amplerey
1068 2030 1135 2083 de
1157 2029 1431 2089 Midliers‚
1439 2031 1735 2098 presented
1751 2031 1818 2099 by
1835 2032 1925 2084 the
1941 2032 2155 2101 Bis-Imp
2172 2035 2243 2102 os
2260 2033 2606 2091 Wincltester,
2625 2036 2675 2086 is
2697 2034 2988 2087 instituted
2988 2039 3203 2104 parson

820 2112 892 2180 os
904 2112 1225 2181 Ivinghoe]

871 2248 1688 2331 IVINGEHO.—Magister
1723 2249 2138 2315 Humfredus
2169 2252 2255 2315 de
2290 2251 2607 2330 Midliers,
2641 2264 3062 2335 presentatus
3081 2275 3200 2336 per

691 2353 1035 2417 dominum
1072 2353 1604 2433 Wintoniensem
1655 2354 1738 2417 ad
1786 2354 2133 2418 ecclesiam
2182 2356 2267 2419 de
2319 2356 2660 2439 Ivingeho,
2706 2358 3037 2421 admissus
3082 2369 3201 2435 est,

689 2468 760 2521 et
791 2458 857 2520 in
889 2478 969 2520 ea
1001 2458 1317 2520 canonice
1350 2478 1635 2540 persona
1668 2459 2026 2522 institutus
2123 2460 2213 2523 Et
2244 2459 2647 2523 mandatum.
2671 2472 2772 2525 est
2806 2461 3084 2526 Decano
3114 2462 3199 2526 de

694 2561 940 2625 Mures]
989 2612 1001 2625 .
1049 2611 1062 2624 .
1110 2612 1122 2624 .
1169 2572 1291 2625 etc.
1383 2561 1495 2645 [In
1542 2561 1647 2625 the
1702 2564 1962 2645 margin
1989 2563 2128 2645 .·—]
2179 2565 2332 2627 Non
2379 2565 2702 2629 habemus
2749 2567 3002 2631 litteras
3056 2589 3200 2651 pre-

690 2667 1082 2731 sentationis
1112 2666 1215 2730 vel
1265 2667 1724 2749 inquisitionis,

689 2878 804 2949 [On
828 2879 918 2931 tlte
938 2880 1199 2947 m‘carage
1219 2878 1291 2948 os
1312 2879 1623 2932 Wendover
1640 2880 1805 2948 being
1827 2885 2033 2932 vacant
2065 2879 2130 2948 by
2152 2880 2243 2932 tlte
2264 2879 2425 2933 death
2450 2882 2522 2949 of
2545 2881 2604 2933 E
2606 2888 2795 2946 ustace,
2822 2882 2950 2936 who
2982 2882 3114 2937 held
3141 2883 3197 2947 it,

820 2963 910 3015 tlte
932 2962 1108 3015 Prior
1123 2962 1247 3014 and
1267 2963 1517 3015 Conveni
1535 2964 1606 3031 os
1618 2963 1971 3027 Southwark,
1987 2967 2235 3031 patrous,
2262 2963 2384 3016 and
2402 2964 2673 3032 claiming
2694 2971 2806 3018 two
2829 2969 2995 3033 parts
3017 2966 3088 3034 os
3110 2966 3203 3019 tlte

820 3044 982 3097 tithes
1006 3046 1066 3097 in
1091 3044 1182 3096 the
1215 3060 1380 3096 name
1413 3043 1484 3112 os
1509 3044 1600 3097 the
1624 3048 1958 3112 parsonage.
1972 3046 2272 3112 presented
2287 3045 2474 3113 Ralph
2510 3046 2577 3098 de
2610 3046 2901 3107 Mite-Imm,
2926 3048 3081 3111 clerk,
3107 3047 3205 3099 but

820 3127 1029 3188 Robert,
1072 3126 1349 3193 chaplain,
1386 3127 1627 3193 opposed
1663 3127 1786 3178 that
1809 3128 2199 3194 presentation,
2246 3128 2503 3196 alleging
2542 3128 2677 3187 that,
2711 3128 2777 3197 by
2808 3129 2900 3181 tlte
2929 3136 3111 3198 grant
3141 3130 3213 3198 of

820 3209 879 3260 E
880 3214 1058 3262 ustace
1072 3208 1209 3260 wille
1224 3209 1314 3261 tlte
1329 3210 1610 3276 approval
1618 3210 1689 3276 of
1697 3209 1765 3260 H
1762 3249 1787 3272 .,
1809 3211 1917 3262 late
1935 3210 2147 3277 Bt’shop
2164 3212 2236 3279 os
2243 3210 2492 3273 Lincoln,
2507 3210 2577 3263 lte
2593 3210 2713 3263 had
2722 3210 2979 3264 obtained
2996 3213 3201 3265 certain

817 3293 1066 3344 interests
1086 3292 1146 3342 in
1174 3290 1264 3343 the
1284 3290 1501 3343 church.
1569 3290 1681 3343 The
1687 3292 2003 3359 following
2017 3292 2321 3344 seulement
2341 3307 2460 3343 was
2477 3291 2637 3344 made
2658 3292 2839 3361 before
2860 3292 2951 3345 tlte
2972 3293 3200 3361 Bishop.

820 3373 1019 3426 Robert
1037 3373 1299 3440 resigned
1329 3372 1418 3425 his
1439 3372 1607 3441 right.
1631 3372 1728 3424 but
1747 3388 1869 3424 was
1891 3380 1944 3426 to
1975 3373 2119 3425 have
2139 3373 2222 3425 all
2254 3373 2343 3425 tlte
2374 3374 2525 3426 altar
2554 3375 2836 3443 offeringS,
2861 3380 2969 3434 etc..
2993 3375 3206 3442 during

816 3457 908 3509 the
935 3455 1039 3524 lese
1067 3455 1139 3524 os
1161 3454 1360 3521 Ralph,
1389 3455 1615 3522 paying
1644 3461 1699 3507 to
1732 3454 1851 3505 him
1868 3456 2065 3522 yearty
2095 3471 2204 3506 eos.
2271 3454 2472 3507 Robert
2501 3470 2621 3507 was
2653 3461 2707 3508 to
2735 3457 2986 3509 minister
3014 3458 3075 3509 in
3110 3455 3202 3508 the

817 3536 1031 3599 chwclt,
1053 3536 1150 3588 bnt
1168 3541 1222 3589 to
1245 3536 1409 3588 claim
1433 3552 1505 3588 no
1526 3536 1687 3604 right
1704 3537 1856 3604 aster
1873 3537 1963 3589 the
1983 3536 2147 3589 death
2169 3536 2241 3605 os
2252 3536 2485 3605 Ralph]

862 3654 1733 3719 WENDOURE.--Vacante
1795 3656 2039 3719 vicaria
2111 3656 2196 3720 de
2271 3656 2656 3721 Wendoure
2718 3677 2836 3739 per
2913 3669 3195 3722 mortem

693 3759 1054 3834 Eustachii,
1084 3759 1197 3840 qui
1229 3778 1374 3820 eam
1427 3759 1658 3834 tenuit,
1692 3759 1878 3821 Prior
1910 3770 1977 3823 et
2021 3772 2392 3825 conventus
2438 3760 2524 3824 de
2571 3761 2904 3837 Sudwerc,
2935 3763 3198 3844 patroni

688 3863 989 3945 ejusdem
1037 3861 1331 3939 ecclesie,
1361 3872 1431 3925 et
1475 3862 1643 3925 duas
1692 3873 1913 3945 partes
1965 3865 2321 3947 garbarum
2373 3866 2643 3929 nomine
2689 3877 3083 3948 personatus
3133 3869 3198 3930 in

689 3967 923 4030 eadem
974 3965 1252 4029 ecclesia
1297 3967 1695 4048 optinenteS,
1748 3979 2298 4049 presentaverunt
2365 3969 2815 4052 Radulphum,
2868 3969 3198 4047 clericum,

687 4071 773 4134 de
814 4069 1100 4132 Michar‘i‘]
1150 4067 1232 4130 ad
1282 4069 1529 4132 dictam
1578 4070 1907 4133 vicariam.
2001 4071 2312 4135 Ceterum
2366 4072 2717 4148 RobertuS,
2749 4072 3198 4155 cappellanus,

689 4173 848 4236 dicti
879 4172 1214 4254 Radulphi
1250 4174 1724 4254 presentationi
1759 4195 1831 4236 se
1862 4176 2196 4257 opposuit,
2221 4196 2520 4239 asserens
2552 4196 2623 4238 se
2647 4197 2735 4238 ex
2763 4177 3198 4241 concessione

690 4277 989 4358 ejusdem
1071 4276 1413 4339 Eustachii
1489 4289 1557 4341 et
1651 4278 2135 4361 approbatione
2218 4281 2429 4343 sancti
2524 4281 2999 4343 recordationis
3096 4282 3200 4359 H.,

691 4381 1030 4464 quondam
1085 4380 1571 4444 Lincolniensis
1616 4383 1931 4465 episcopi,
1962 4404 2196 4447 omnes
2242 4384 2677 4448 obventiones
2724 4384 2948 4447 altaris
2996 4385 3200 4467 ipsius

691 4485 983 4559 ecclesie,
1014 4485 1317 4566 exceptis
1349 4484 1626 4547 decimis
1657 4495 1724 4548 et
1756 4487 1973 4569 primo
2019 4486 2259 4569 legat0,
2292 4487 2493 4551 fuisse
2539 4498 2932 4551 assecutum.
3024 4488 3198 4552 Con-

692 4588 999 4652 tradictio
1047 4587 1199 4650 inde
1246 4589 1451 4669 ipsius
1503 4589 1859 4672 Radulphi,
1906 4591 1971 4653 in
2022 4593 2353 4673 presentia
2412 4591 2665 4654 domini
2717 4591 3198 4655 Lincolniensis

694 4690 1029 4773 Episcopi,
1101 4701 1169 4753 et
1241 4690 1538 4771 ejusdem
1617 4694 2028 4771 auctoritate,
2090 4696 2154 4757 in
2231 4695 2406 4757 hunc
2469 4694 2742 4758 modum
2803 4696 3200 4776 conquievit,

692 4795 960 4869 scilicet,
1013 4795 1191 4875 quod
1245 4807 1597 4878 postquam
1653 4796 1827 4860 idem
1890 4798 2221 4861 Robertus
2276 4810 2491 4863 totum
2543 4799 2668 4879 jus,
2716 4798 2898 4881 quod
2959 4799 3083 4862 sibi
3131 4800 3195 4862 in

693 4898 949 4981 prefata
1008 4896 1286 4960 ecclesia
1359 4899 1749 4975 vendicavit,
1828 4902 2292 4983 resignaverat,
2366 4904 2583 4965 dictus
2654 4901 3049 4983 Radulphus
3112 4899 3196 4963 ad

693 5012 1127 5065 memoratam
1175 5002 1483 5064 vicariam
1537 5004 1601 5064 in
1664 5002 1952 5066 solidum
2000 5006 2331 5068 admissus
2377 5006 2558 5087 quod
2606 5006 2783 5068 idem
2850 5005 3200 5081 RobertuS,
