3596 5866
1164 587 1517 683 Episcopi
1562 587 2124 659 Lz'ncolnz'ensz's.
2754 605 2890 678 277

2217 740 2274 744 Λή
2445 741 2478 744 -
2553 739 2650 746 -κ-

387 828 695 891 Vicarius
757 837 1114 910 perpetuus
1175 826 1445 890 habebit
1507 835 1722 889 totum
1793 826 2189 909 altaragium
2254 836 2472 909 preter
2533 826 2895 909 principale

388 930 682 1014 legatum
733 951 849 1013 per
892 979 1877 993 .................
1885 928 1900 958 ¹
1934 940 2337 993 conventum
2385 929 2552 993 duas
2600 950 2895 992 summas

388 1033 698 1097 frumenti
747 1034 1065 1116 pacabilis
1105 1034 1188 1097 ad
1231 1033 1469 1097 festum
1506 1032 1734 1098 Sancti
1783 1033 2146 1097 Michaelis,
2239 1034 2506 1097 Vicaria
2545 1034 2722 1098 valet
2764 1043 2896 1097 tres

388 1158 660 1200 marcas.
737 1137 1043 1200 Vicarius
1075 1148 1298 1201 autem
1332 1137 1545 1206 solvet
1588 1186 2211 1202 ...........
2219 1136 2232 1166 ¹
2277 1137 2388 1221 [In
2421 1137 2525 1201 tlte
2563 1137 2823 1220 margin
2846 1137 2897 1219 .·]

394 1242 709 1305 Mansum
744 1261 876 1305 non
909 1251 1011 1306 est
1042 1242 1474 1324 assignatum.

385 1557 531 1626 [The
551 1558 767 1693 chmclts
774 1559 846 1626 of
862 1558 911 1611 C
906 1559 1095 1612 larton
1118 1559 1167 1610 is
1182 1558 1364 1611 worth
1375 1575 1447 1624 30
1470 1557 1675 1610 markS.
1740 1557 1855 1610 The
1870 1560 2133 1626 vekarage
2152 1559 2203 1610 is
2217 1558 2503 1618 described.
2523 1557 2644 1610 and
2656 1559 2704 1610 is
2721 1557 2898 1610 wmlt

511 1658 553 1706 ,ς
575 1655 706 1693 mar
769 1641 810 1706 .]

565 1765 1379 1831 CLASTONE.-—Ecclesia
1460 1766 1545 1829 de
1629 1765 1947 1830 Clastone
2021 1767 2197 1830 valet
2279 1767 2553 1850 triginta
2630 1786 2901 1830 marcas,

388 1868 694 1931 Vicarius
756 1879 1112 1952 perpetuus
1176 1869 1446 1932 habebit
1505 1879 1723 1932 totum
1785 1870 2181 1953 altaragium
2246 1879 2462 1952 preter
2538 1869 2901 1952 principale

390 1971 704 2054 legatum,
754 1971 1096 2036 reddendo
1146 1972 1301 2036 inde
1354 1973 1396 2035 d
1446 2023 1825 2037 .......
1834 1973 1846 2001 ¹
1917 1995 2172 2036 marcas
2227 1993 2500 2050 annuas„
2562 1983 2629 2036 et
2691 1974 2902 2037 solvet

388 2075 739 2156 synodalia
770 2086 1049 2140 tantum.
1144 2077 1413 2140 Vicaria
1444 2078 1621 2141 valet
1652 2079 1948 2160 quinque
1982 2098 2253 2141 marcas

392 2452 476 2521 [Τ
469 2452 538 2506 he
560 2454 760 2508 church
786 2438 856 2521 07
867 2454 1018 2508 Hose
1039 2457 1091 2507 is
1112 2455 1290 2508 worth
1318 2474 1380 2520 14
1407 2456 1596 2508 marks
1617 2456 1737 2508 and
1753 2472 1789 2508 a
1813 2456 1955 2524 hals.
2030 2457 2143 2509 The
2164 2457 2427 2525 vicarage
2448 2457 2498 2509 is
2530 2456 2843 2521 deser-ebed]

572 2591 1261 2656 HOWES.—Ecclesia
1306 2592 1389 2655 de
1448 2592 1695 2656 Howes
1745 2593 1923 2656 valet
1971 2593 2474 2674 quatuordecim
2528 2614 2782 2657 marcas
2838 2604 2907 2657 et

391 2694 756 2758 dimidiam.
849 2696 1155 2759 Vicarius
1206 2706 1563 2779 perpetuus
1618 2696 1892 2760 habebit
1947 2705 2160 2759 totum
2228 2697 2620 2780 altaragium
2689 2707 2907 2780 preter

393 2798 757 2881 principale
797 2798 1092 2881 legatum
1141 2847 1704 2862 ..........
1712 2798 1725 2827 ¹
1778 2820 2074 2862 summas
2107 2799 2419 2863 frumenti
2463 2800 2781 2883 pacabilis
2820 2799 2906 2864 ad

397 2901 636 2966 festum
701 2902 931 2968 Sancti
998 2903 1345 2967 Michaelis
1397 2924 1437 2967 a
1497 2903 1692 2967 dictis
1758 2905 1979 2967 Priore
2038 2915 2105 2968 et
2166 2914 2516 2981 conventu,
2565 2913 2634 2968 et
2693 2904 2906 2968 solvet

394 3005 746 3088 synodalia
786 3016 1065 3070 tantum.
1156 3008 1425 3071 Vicaria
1456 3008 1632 3071 valet
1664 3018 1795 3070 tres
1843 3058 2217 3071 .......
2226 3007 2240 3036 ¹
2290 3008 2402 3091 [In
2435 3008 2540 3071 tlte
2571 3009 2832 3091 margin
2856 3007 2908 3092 .·]

400 3110 714 3173 Mansum
749 3131 882 3174 non
914 3121 1017 3176 est
1048 3112 1478 3195 assignatum.

405 3392 547 3457 [The
569 3392 770 3446 church
794 3395 866 3462 of
878 3393 1285 3463 Homingltold
1302 3396 1352 3448 is
1374 3395 1555 3447 worth
1571 3413 1612 3460 5
1635 3395 1868 3462 marka]

577 3512 1678 3578 HORDINGEWALDE.—Ecclesia
1707 3514 1794 3578 de
1832 3513 2397 3598 Hordingewalde
2417 3514 2593 3578 valet
2617 3516 2909 3598 quinque

401 3636 673 3679 marcas,
790 3617 1097 3680 Vicarius
1144 3667 2438 3681 ......................
2448 3618 2459 3645 ²
2529 3618 2909 3701 [pa]cabilis

398 3740 437 3782 a
465 3719 664 3784 dictis
704 3721 929 3785 Priore
974 3733 1042 3785 et
1081 3734 1413 3787 conventu
1454 3723 1538 3786 ad
1581 3722 1822 3787 festum
1868 3723 2098 3787 Sancti
2141 3724 2486 3787 Michaelis
2532 3773 2908 3787 .......

396 3873 1381 3890 .................
1390 3826 1403 3855 ¹
1454 3827 1567 3909 [In
1609 3827 1714 3890 tlte
1754 3827 2016 3909 margin
2040 3827 2179 3909 .·—]
2229 3827 2543 3891 Mansum
2611 3848 2741 3890 non
2809 3838 2910 3891 est

399 3928 829 4011 assignatum.

400 4123 546 4189 [The
567 4124 765 4177 church
791 4124 864 4192 of
875 4125 1107 4193 Ashby.]

575 4244 867 4308 Abbatis
898 4255 967 4309 et
997 4256 1366 4310 conventus
1412 4297 1789 4310 .......
1798 4246 1813 4274 ¹

576 4348 1274 4413 ESSEBY.—Vicarius
1335 4372 1486 4414 cum
1549 4351 1787 4414 clerico
1850 4372 1971 4413 suo
2023 4360 2216 4414 erunt
2270 4349 2414 4433 [sic]
2468 4349 2551 4412 ad
2609 4370 2907 4414 mensam

399 4452 869 4516 canonicorum
923 4503 2884 4520 .................................
2891 4454 2902 4483 ¹

402 4554 674 4619 habebit
705 4555 842 4619 xxti
875 4557 1123 4621 solidos
1156 4578 1276 4641 pro
1308 4559 1657 4641 stipendiis
1687 4570 1754 4622 et
1788 4570 2085 4642 preterea
2117 4559 2483 4622 secundum
2532 4609 2908 4622 .......

398 4708 1451 4726 ..................
1461 4661 1475 4690 ¹
1524 4672 1592 4726 et
1632 4663 1761 4725 alia
1801 4683 2003 4727 onera
2043 4661 2343 4744 ejusdem
2376 4661 2652 4725 ecclesie
2683 4661 2910 4725 debita

398 4771 465 4826 et
496 4774 817 4827 consueta
847 4813 2015 4830 ....................
2024 4765 2038 4794 ¹
2087 4815 2464 4829 .......
2473 4765 2487 4793 ¹

2462 4965 2898 4973 —ss———-—-

1461 5064 1476 5093 ¹
1504 5063 1653 5115 Torn
1677 5080 1850 5131 away.
