3596 5866
1119 518 1476 614 Episcopi
1522 518 2083 592 [lincolnienses.
2717 542 2857 611 229

344 757 709 820 eorundem
768 758 1294 821 ministraturum
1347 758 1411 820 in
1466 779 1562 833 ea,
1613 760 1922 840 quotiens
1976 758 2177 822 ambo
2237 758 2338 822 vel
2402 759 2570 821 alter
2628 780 2857 822 eorurn

348 880 604 923 moram
639 860 866 924 fecerit
908 861 1176 935 ibidem,
1207 863 1657 925 concessimus
1698 863 1822 925 sub
1865 863 1987 925 hac
2022 862 2278 937 forma;
2329 862 2635 926 videlicet
2675 862 2855 945 quod

346 964 731 1046 capellanus
771 967 1167 1030 auctoritate
1209 978 1437 1030 nostra
1474 966 1560 1030 de
1600 988 1925 1031 consensu
1970 966 2360 1029 monialium
2401 977 2467 1030 et
2510 967 2732 1030 vicarii
2774 966 2861 1030 de

348 1066 639 1149 Catteby
718 1069 782 1131 in
858 1069 1158 1152 predicta
1235 1070 1490 1153 capella
1569 1071 2059 1135 ministraturus
2117 1071 2367 1134 eisdem
2433 1071 2863 1153 corporaliter

347 1172 669 1254 prestabit
696 1171 1152 1253 juramentum
1185 1173 1376 1256 quod
1397 1174 1547 1256 jura
1587 1176 1879 1238 matricis
1920 1176 2571 1257 ecclesie,‚quantum
2615 1176 2680 1238 in
2715 1176 2860 1258 ipso

345 1285 465 1350 est,
513 1277 577 1339 in
633 1278 944 1340 omnibus
998 1278 1416 1342 conservabit
1467 1278 1668 1354 illesa,
1712 1288 1780 1342 et
1836 1280 2015 1362 quod
2072 1279 2325 1342 nullum
2385 1280 2858 1361 parochianum

346 1400 539 1442 suum
597 1381 682 1443 ad
737 1382 1220 1445 confessionem
1278 1383 1380 1446 vel
1431 1382 1516 1445 ad
1571 1381 1947 1447 divinorum
2011 1384 2523 1447 celebrationem
2590 1384 2656 1447 in
2720 1386 2863 1467 ipsa

344 1485 604 1566 capella
657 1486 800 1548 sine
849 1485 1115 1549 licentia
1164 1508 1284 1549 sua
1340 1488 1627 1569 recipiet,
1681 1508 1802 1550 nec
1852 1487 2123 1570 aliquod
2169 1486 2277 1568 jus
2339 1487 2857 1552 ecclesiasticum

346 1588 501 1671 ill[i]
539 1589 902 1672 impendet,
950 1611 1164 1672 neque
1212 1592 1506 1674 legatum
1555 1593 1657 1656 vel
1707 1592 2040 1675 privatum
2074 1591 2421 1655 denarium
2471 1602 2585 1656 aut
2631 1614 2861 1674 quem-

345 1714 611 1774 cunque
674 1705 1067 1776 proventum
1135 1696 1406 1777 recipiet
1465 1695 1550 1758 ad
1601 1696 1901 1772 eisdem;
1972 1696 2345 1760 oblationes
2393 1697 2596 1759 etiam
2648 1698 2861 1760 omni·

349 1797 603 1873 modaS,
648 1819 688 1861 a
733 1799 1238 1881 quibuscunque
1280 1799 1486 1864 factas
1529 1802 1593 1863 in
1639 1800 1822 1863 dicta
1868 1800 2141 1883 capella,
2181 1800 2582 1883 supradictis
2616 1803 2863 1864 vicario

345 1913 410 1964 et
448 1902 847 1965 monialibus
878 1903 1002 1965 sub
1033 1902 1262 1966 debito
1290 1904 1650 1984 jnramenti
1685 1905 1941 1986 prestiti
1987 1903 2271 1968 fideliter
2300 1917 2367 1968 et
2400 1906 2543 1968 sine
2575 1904 2861 1968 diminu-

348 2007 532 2068 tione
565 2007 880 2069 restituet.
981 2007 1260 2070 Predicti
1295 2029 1452 2070 vero
1494 2009 1570 2071 R.
1603 2019 1669 2071 et
1716 2008 1795 2071 A.
1838 2030 1990 2072 cum
2032 2019 2175 2071 tota
2218 2008 2467 2071 familia
2510 2029 2631 2071 sua
2670 2020 2864 2073 erunt

347 2110 629 2190 subjecti
667 2112 922 2174 matrici
956 2112 1231 2175 ecclesie
1263 2134 1379 2175 sue
1410 2113 1495 2175 de
1533 2113 1834 2194 Katteby
1870 2114 1933 2175 in
1967 2113 2278 2176 omnibus
2305 2113 2450 2194 jure
2485 2112 2879 2195 parochiali,

348 2224 416 2277 et
464 2215 692 2277 omnia
735 2215 885 2296 jura
933 2216 1382 2278 ecclesiastica
1431 2217 1808 2299 persolvent
1856 2218 1915 2279 ei
1972 2228 2290 2299 tanquam
2351 2217 2749 2299 parochiani,
2795 2226 2865 2278 et

349 2320 862 2382 sacramentalia
902 2321 1265 2402 percipient
1305 2320 1391 2382 ab
1429 2319 1685 2395 eadem,
1731 2320 1857 2382 hoc
1898 2319 2112 2383 solum
2155 2320 2283 2382 illis
2325 2341 2642 2384 concesso
2683 2321 2863 2403 quod

351 2421 548 2485 liceat
595 2423 690 2485 eis
738 2424 1104 2486 cantariam
1155 2424 1454 2505 predicto
1506 2424 1709 2486 modo
1760 2423 1827 2486 in
1884 2424 2182 2506 predicta
2230 2424 2488 2506 capella
2541 2425 2861 2507 optinere.

358 2527 432 2589 In
485 2528 815 2610 precipuis
861 2549 1017 2590 vero
1063 2529 1671 2611 sollempnitatibus
1717 2530 2107 2611 subscriptis
2149 2539 2285 2592 tam
2329 2528 2490 2592 dicti
2537 2531 2613 2592 R.
2655 2540 2722 2593 et
2765 2529 2865 2605 A„

350 2632 404 2692 si
471 2643 810 2712 presentes
872 2632 1113 2696 fuerint
1177 2633 1442 2708 ibidem,
1504 2653 1704 2714 quam
1770 2643 1914 2695 tota
1975 2631 2226 2695 familia
2295 2654 2434 2708 sua,
2495 2633 2862 2715 predictam

351 2735 695 2797 matricem
759 2735 1108 2799 ecclesiam
1165 2758 1353 2799 suam
1407 2758 1557 2799 curn
1609 2737 2062 2800 oblationibus
2111 2736 2355 2800 debitis
2408 2748 2474 2800 et
2530 2738 2865 2800 consuetis

349 2838 631 2920 singulis
669 2840 862 2902 annis
904 2839 1289 2912 visitabunt.
1329 2840 1578 2904 scilicet
1619 2841 1728 2903 die
1770 2840 2031 2903 Natalis
2076 2840 2369 2916 Domini,
2400 2841 2509 2903 die
2554 2840 2864 2903 Purifica-

350 2944 552 3006 tionis
586 2944 779 3007 beate
815 2945 1045 3021 Marie,
1076 2947 1186 3009 die
1223 2947 1490 3021 Pasche,
1519 2947 1629 3009 die
1664 2945 2215 3028 Penthec[ostes],
2239 2956 2307 3009 et
2339 2946 2448 3008 die
2480 2946 2863 3028 sollempni-

349 3050 508 3113 tatis
551 3049 842 3112 ecclesie.
936 3051 1006 3114 Si
1051 3063 1276 3113 autem
1325 3060 1557 3113 contra
1604 3051 1775 3114 hanc
1820 3051 2101 3113 sormam
2146 3072 2261 3133 per
2304 3050 2637 3132 predictos
2681 3051 2756 3112 R.
2797 3060 2863 3113 et

353 3153 435 3216 A.
498 3153 602 3217 vel
678 3174 796 3236 per
869 3153 1310 3236 capellanum,
1374 3157 1486 3236 qui
1567 3176 1685 3237 pro
1755 3166 2057 3238 tempore
2118 3155 2182 3217 in
2247 3154 2546 3237 predicta
2608 3154 2865 3237 capella

352 3257 773 3334 ministrabit,
822 3258 1069 3320 matrix
1116 3258 1394 3321 ecclesia
1440 3257 1919 3341 dampnificata
1967 3257 2161 3321 suerit
2208 3258 2273 3320 in
2322 3259 2565 3340 aliqu0,
2610 3268 2863 3321 extunc
2912 3323 2919 3336 ,

350 3359 433 3421 ad
513 3362 1063 3442 conquestionem
1140 3361 1469 3424 dictarum
1549 3360 1937 3424 monialium
2016 3361 2118 3423 vel
2189 3361 2412 3423 vicarii
2476 3382 2593 3442 per
2653 3361 2862 3423 archi-

350 3463 711 3526 diaconum
759 3464 859 3526 vel
910 3464 1238 3527 decanum
1284 3465 1408 3528 loci
1451 3465 1882 3528 interdicetur
1919 3465 2177 3547 capella
2220 3476 2608 3540 memorata,
2648 3464 2861 3527 donec

350 3567 434 3629 de
473 3567 776 3649 dampno
819 3569 944 3650 ipsi
992 3569 1270 3632 ecclesie
1319 3570 1513 3650 plene
1556 3568 1750 3631 suerit
1789 3568 2220 3631 satisfactum.
2320 3570 2476 3630 Post
2515 3568 2859 3632 decessum

351 3682 579 3734 autem
623 3671 800 3735 dicte
842 3671 925 3734 A.
961 3673 1258 3754 predicta
1298 3673 1557 3755 capella
1596 3695 1635 3735 a
1674 3673 2049 3736 divinorum
2093 3672 2537 3736 celebratione
2577 3673 2861 3735 cessabit

352 3777 414 3839 in
466 3786 886 3858 perpetuum,
933 3777 1056 3839 hac
1104 3777 1300 3857 hujus
1349 3788 1571 3840 nostre
1625 3777 2073 3840 concessionis
2122 3777 2336 3858 gratia
2386 3788 2545 3840 tunc
2597 3777 2859 3859 penitus

348 3881 722 3962 expirante,
763 3880 963 3944 salvis
1011 3882 1075 3943 in
1126 3882 1438 3944 omnibus
1483 3894 1603 3944 ete.
1703 3883 1775 3944 In
1829 3881 2025 3961 hujus
2073 3882 2162 3943 rei
2214 3882 2668 3943 testimonium
2720 3902 2861 3963 pre-

352 3983 651 4046 sentibus
703 3983 937 4047 litteris
996 3985 1286 4066 sigillum
1350 3994 1649 4047 nostrum
1713 3985 2033 4047 duximus
2095 3984 2589 4066 apponendum.
2685 3985 2861 4047 Date

350 4107 466 4167 per
515 4107 788 4149 manum
841 4088 916 4149 R.
965 4087 1049 4151 de
1103 4087 1478 4162 Waraville‚
1516 4089 1819 4151 canonici
1866 4087 2367 4162 LincolniensiS,
2408 4087 2586 4169 apud
2635 4086 2860 4149 Lidin-

349 4202 525 4264 tone,
558 4190 628 4252 xi
666 4189 986 4254 kalendas
1022 4191 1331 4274 Augusti,
1366 4191 1791 4273 pontificatus
1826 4193 2029 4255 nostri
2065 4211 2241 4253 anno
2273 4190 2535 4253 decimo
2578 4211 2771 4252 nono.

525 4449 661 4533 [On
695 4450 966 4532 mesa&
993 4452 1131 4535 :—]
1385 4542 1662 4605 ANNUS
1712 4555 1810 4602 xx

347 4663 494 4730 [lee
531 4665 845 4719 institution
885 4668 956 4735 os
986 4668 1238 4737 Gcoffrey
1277 4668 1345 4722 de
1380 4669 1563 4722 Moris
1602 4674 1654 4723 to
1692 4669 1784 4722 tlte
1816 4669 2015 4723 church
2040 4668 2109 4735 of
2139 4667 2530 4734 bVarmington
2543 4684 2569 4727 ‚·
2604 4666 2730 4719 Dcc.
2770 4683 2857 4731 30.

483 4752 652 4812 1228,·
681 4765 768 4802 see
777 4753 842 4818 p.
870 4750 1002 4819 141.]

526 4861 1573 4927 WERMINGTONE.—Omnibus
1633 4875 1753 4928 etc.
1856 4864 2133 4927 Noverit
2197 4863 2586 4926 universitas
2641 4870 2859 4924 vestra

352 4985 473 5028 nos
519 4965 605 5029 ad
656 4968 1216 5048 presentationem
1265 4968 1656 5032 dilectorum
1706 4967 2009 5045 filiorum,
2052 4967 2341 5030 Abbatis
2378 4976 2445 5029 et
2493 4976 2859 5029 conventus
