3596 5866
712 550 854 618 2²4
1292 569 1296 574 .
1414 526 1685 599 Rotulz’
1714 525 2066 622 Hugonzs
2118 526 2205 598 de
2259 525 2521 598 Welles

879 763 1015 847 [On
1047 764 1153 827 tlte
1178 764 1362 827 dorse
1389 764 1526 846 .·—]

705 900 853 965 [The
875 899 1091 967 Bishop
1111 899 1374 952 desm‘bes
1408 906 1462 952 to
1489 900 1579 951 tlte
1603 899 1927 952 rural-dean
1959 900 2031 967 os
2058 899 2389 966 Cambridge
2416 899 2538 951 and
2565 900 2654 951 lus
2668 899 2875 967 fellow
2890 897 3104 966 judges
3135 896 3226 948 tlte

831 998 1023 1035 reason
1047 982 1160 1050 sor
1192 981 1373 1034 which
1429 982 1646 1044 Walter,
1678 982 1837 1040 clcrk.
1874 982 2163 1048 presented
2194 988 2248 1034 to
2283 980 2374 1033 the
2412 981 2611 1034 churclz
2649 983 2719 1049 os
2742 981 2934 1033 Pallon
2972 995 3093 1031 was
3128 985 3229 1031 not

832 1063 1105 1116 admitted
1121 1063 1185 1132 by
1207 1064 1366 1133 htm.]

877 1192 1387 1255 Venerabilibus
1449 1193 1621 1267 viriS,
1682 1191 1940 1255 decano
1997 1191 2085 1255 de
2145 1191 2573 1272 Cantebrigia
2632 1201 2699 1253 et
2760 1189 3222 1270 conjudicibus

703 1296 855 1372 suiS,
914 1296 999 1358 H.
1054 1297 1178 1359 Dei
1233 1298 1446 1378 gratia
1499 1295 1984 1359 Lincolniensis
2044 1296 2395 1378 episcopus
2456 1295 2737 1358 salutem
2801 1295 2866 1356 in
2929 1294 3219 1357 domino,

710 1400 995 1462 Litteras
1051 1411 1302 1463 vestras
1362 1400 1741 1482 accepimus
1802 1399 2043 1481 quibus
2119 1420 2318 1481 super
2390 1399 2808 1461 institutione
2877 1397 3222 1479 Stephani,

705 1502 1049 1586 capellani,
1083 1505 1352 1568 rectoris
1394 1504 1667 1567 ecclesie
1701 1503 1786 1566 de
1828 1503 2145 1579 Piletone‚
2176 1513 2242 1565 et
2284 1504 2624 1565 amotione
2658 1501 2954 1578 Walteri,
2986 1502 3221 1577 clerici,

706 1607 1063 1688 presentati
1113 1605 1197 1668 ad
1245 1605 1551 1682 eandem,
1585 1627 1702 1688 per
1747 1627 1869 1669 nos
1917 1607 2200 1689 rogastis
2245 1605 2413 1669 effici
2463 1606 2789 1668 certiores
2886 1605 3219 1668 Noveritis

706 1710 906 1791 igitur
954 1708 1152 1791 quod,
1205 1730 1357 1773 cum
1408 1710 1781 1773 custodiam
1844 1709 2120 1772 ecclesie
2168 1708 2253 1772 de
2320 1709 2635 1783 Piletone‚
2689 1718 2850 1771 tunc
2905 1710 3220 1786 vacanti5‚

704 1812 886 1877 dicto
927 1813 1029 1877 W.
1073 1813 1156 1877 ad
1201 1834 1514 1894 magnam
1555 1812 1780 1876 dilecti
1824 1813 1937 1876 filii
1981 1814 2057 1876 R.
2103 1813 2574 1877 Archidiaconi
2618 1812 3104 1876 Norhamtonie
3152 1825 3218 1877 et

705 1913 1124 1994 quorundam
1169 1912 1447 1975 aliorum
1490 1914 1875 1977 instantiam
1910 1912 2348 1995 quadriennio
2376 1912 2514 1993 jam
2558 1913 2787 1995 elapso
2823 1922 2892 1975 et
2933 1913 3218 1994 amplius

704 2018 1268 2080 commisissemus
1301 2038 1511 2099 usque
1542 2017 1625 2079 ad
1661 2028 1927 2099 tempus
1965 2038 2005 2079 a
2043 2017 2234 2079 nobis
2274 2017 2364 2079 illi
2405 2016 2804 2099 prefinitum,
2839 2026 2909 2079 ut
2954 2017 3215 2080 interim

703 2119 1075 2183 addisceret
1111 2130 1178 2183 et
1208 2121 1299 2183 sic
1332 2119 1603 2184 demum
1643 2141 1865 2183 coram
1921 2120 2113 2183 nobis
2158 2130 2572 2202 compareret
2616 2120 3112 2183 examinandus
3150 2129 3217 2183 et

704 2225 758 2286 si
809 2225 1084 2288 idoneus
1132 2226 1536 2288 inveniretur
1579 2225 1990 2288 ordinandus
2034 2235 2102 2288 et
2149 2223 2613 2301 instituenduS,
2656 2246 2777 2288 nec
2826 2224 3001 2288 idem
3052 2235 3215 2289 tem-

704 2350 862 2412 pore
941 2329 1198 2411 prefixo
1274 2349 1393 2391 nec
1471 2338 1704 2410 postea
1782 2330 2180 2411 presentiam
2243 2350 2433 2392 suam
2496 2350 2724 2393 coram
2796 2329 2990 2393 nobis
3067 2329 3215 2392 licet

705 2432 1099 2496 multociens
1140 2441 1416 2495 vocatus
1458 2443 1713 2495 curaret
1751 2432 2088 2508 exhibere,
2129 2454 2249 2495 nos
2288 2434 2571 2515 gratiam
2625 2443 2920 2495 nostram
2974 2434 3039 2496 in
3095 2433 3216 2495 hac

705 2547 891 2619 parte
936 2535 1256 2599 duximus
1303 2557 1482 2599 anno
1524 2536 1663 2617 jam
1711 2536 1942 2618 elapso
1985 2546 2053 2600 et
2099 2538 2387 2619 amplius
2442 2536 2901 2600 revocandam.
2996 2536 3214 2619 Quem

705 2652 863 2704 tunc
895 2640 1168 2704 demum
1202 2640 1286 2703 ad
1330 2661 1453 2703 nos
1485 2641 1862 2703 venientem
1904 2650 1972 2704 et
2014 2639 2533 2704 misericordiam
2577 2649 2936 2723 petentem,
2971 2642 3216 2704 miseri-

703 2744 928 2809 cordia
980 2746 1142 2807 moti
1193 2755 1260 2808 et
1313 2745 1517 2826 ipsius
1569 2746 2055 2826 compatientes
2110 2746 2503 2827 paupertati,
2546 2745 2750 2808 semel
2806 2756 2874 2808 et
2923 2746 3217 2808 secundo

708 2849 1064 2912 Leicestrie
1117 2858 1185 2912 et
1236 2849 1435 2911 tertio
1484 2848 1664 2930 apud
1718 2848 2014 2930 Burgum
2072 2848 2247 2911 beati
2309 2849 2483 2911 Petri
2535 2848 2814 2911 fecimus
2876 2870 2992 2931 per
3044 2851 3217 2911 viros

704 2951 1077 3035 fidedignos
1127 2953 1522 3030 examinari,
1559 2963 1626 3016 et
1677 2973 1829 3016 cum
1885 2953 2163 3015 omnino
2214 2962 2511 3035 repertus
2565 2961 2739 3015 esset
2795 2952 3216 3045 insufficiens’

704 3057 919 3139 ipsum
986 3058 1212 3120 multis
1273 3068 1340 3120 et
1404 3058 1665 3139 magnis
1720 3058 1874 3119 viris
1932 3056 2125 3119 nobis
2186 3067 2345 3120 tunc
2397 3055 2844 3119 assidentibus
2894 3067 3212 3139 tanquam

704 3160 1051 3243 indignum
1116 3162 1604 3226 sententialiter
1680 3162 2060 3244 repulimus,
2122 3160 2546 3243 injungentes
2623 3170 2906 3243 patrono
2983 3172 3056 3225 ut
3131 3161 3214 3224 ad

705 3266 1052 3328 ecclesiam
1105 3266 1494 3348 predictam,
1526 3287 1656 3348 que
1707 3287 1826 3349 per
1873 3277 2135 3329 tantum
2187 3277 2453 3347 tempus
2495 3274 2862 3340 vacaverat,
2905 3266 3212 3329 idoneam

704 3369 895 3432 nobis
941 3390 1292 3452 personam
1340 3380 1766 3453 presentaret.
1860 3371 1995 3454 Qui
2036 3392 2184 3432 cum
2221 3370 2632 3452 sepedictum
2669 3369 2754 3445 S„
2778 3370 3213 3452 capellanum,

704 3474 894 3537 nobis
931 3475 1202 3539 duceret
1252 3475 1337 3538 ad
1387 3477 1732 3539 ecclesiam
1787 3477 2000 3559 ipsam
2056 3474 2594 3557 presentandum,
2633 3496 2754 3537 nos
2801 3496 2954 3538 eum
3009 3495 3211 3557 expe-

703 3576 859 3640 ditis
901 3579 1080 3658 prius
1119 3580 1431 3642 omnibus
1474 3581 1819 3661 negotium
1864 3581 2079 3662 ipsum
2123 3579 2664 3659 contingentibus
2703 3578 3098 3640 admisimus
3146 3588 3212 3641 et

702 3681 1021 3745 canonice
1053 3702 1404 3765 personam
1440 3684 1848 3746 instituimus
1882 3684 1945 3746 in
1979 3683 2234 3745 eadem.

702 4058 850 4124 [The
883 4059 1094 4126 Bishop
1130 4058 1282 4111 takes
1314 4061 1431 4111 into
1465 4059 1555 4111 his
1577 4061 1879 4126 protection
1921 4061 2011 4112 tlte
2044 4060 2299 4113 charches
2342 4059 2463 4112 and
2500 4059 2657 4112 other
2685 4063 2951 4126 properly
2993 4060 3064 4127 of
3103 4065 3213 4111 two

830 4141 1394 4291 Zsffibgzareb!
1438 4143 1696 4206 Richard,
1733 4147 1948 4211 parson
2003 4145 2075 4212 of
2122 4143 2474 4211 Draughton,
2530 4143 2654 4195 and
2677 4141 2848 4207 John,
2887 4145 3100 4208 parson
3153 4142 3222 4210 of

878 4349 1213 4413 Omnibus
1244 4360 1364 4415 etc.
1460 4352 1794 4415 Noveritis
1840 4372 1961 4414 nos
1999 4353 2345 4416 ecclesiam
2390 4352 2475 4415 de
2521 4351 2847 4416 Drahton’
2879 4361 2947 4415 et
2988 4354 3210 4416 omnia

703 4455 832 4517 alia
873 4454 1050 4516 bona
1090 4454 1379 4533 Ricardi,
1411 4456 1754 4538 capellani,
1788 4477 2068 4539 persone
2104 4455 2403 4536 ejusdem
2452 4457 2746 4532 ecclesie,
2776 4457 3212 4539 crucesignati

704 4559 767 4620 in
823 4557 1070 4620 diocesi
1134 4570 1362 4622 nostra
1415 4561 1851 4623 consistentia
1896 4560 2021 4622 sub
2070 4561 2196 4623 Dei
2243 4571 2311 4623 et
2356 4561 2631 4637 ecclesie
2677 4570 2744 4623 et
2792 4569 3019 4622 nostra
3066 4581 3211 4642 pro-

703 4662 995 4724 tectione
1071 4663 1504 4743 suscepimuS,
1565 4664 1657 4725 ita
1717 4664 1897 4745 quod
1962 4664 2137 4727 idem
2205 4665 2280 4726 R.
2339 4664 2539 4744 juxta
2604 4663 3209 4745 crucesignatorum

702 4766 1138 4848 privilegium,
1170 4776 1367 4847 prout
1407 4768 1471 4829 in
1512 4767 1815 4830 Concilio
1856 4768 2144 4850 generali
2189 4777 2513 4831 statutum
2553 4777 2672 4842 est,
2705 4787 2821 4849 per
2852 4767 3208 4830 triennium

703 4869 1014 4951 proximo
1057 4889 1339 4950 sequens
1384 4869 1585 4933 libere
1635 4872 1846 4953 possit
1891 4872 1975 4934 de
2038 4871 2197 4953 ipsis
2250 4871 2603 4953 disponere
2651 4871 2793 4933 sine
2847 4869 3213 4951 prejudicio

698 4971 861 5054 juris
894 4972 1090 5036 alieni
1120 4995 1132 5047 ;
1179 4984 1245 5036 et
1279 4973 1343 5036 in
1380 4973 1575 5055 hujus
1609 4974 1697 5037 rei
1730 4985 1853 5037 etc.
1948 4975 2126 5037 Data
2158 4996 2275 5057 per
2307 4994 2578 5037 manum
2616 4975 2691 5037 R.
2725 4973 2811 5037 de
2837 4973 3213 5050 Wareville,
