3596 5866
1148 596 1503 693 Episcopi
1549 597 2117 671 Lincolniensz'S.
2801 625 2884 693 19

367 836 676 901 ordinate
722 858 840 920 per
890 836 1319 920 Episcopum,
1366 838 1658 920 ipsorum
1708 837 2187 901 interveniente
2233 858 2576 915 consensu,
2622 840 2885 922 provise

366 951 526 1004 sunt
573 942 813 1005 vicarie
860 942 926 1005 in
973 942 1150 1005 hunc
1198 941 1491 1017 modum,
1522 941 1832 1005 videlicet
1862 941 2040 1022 quod
2077 942 2354 1005 vicarius
2399 944 2882 1025 presentandus

367 1064 488 1126 per
517 1044 791 1108 eosdem
824 1055 894 1109 et
925 1045 1012 1108 ab
1039 1046 1376 1129 Episcopo
1410 1045 1857 1108 instituendus
1890 1044 2162 1109 habebit
2193 1046 2463 1110 nomine
2493 1046 2733 1112 vicarie
2762 1070 2880 1113 sue

365 1149 454 1211 ad
516 1150 832 1213 vestitum
909 1169 1103 1213 suum
1165 1149 1334 1213 duas
1411 1168 1668 1212 marcas
1744 1169 1864 1231 per
1937 1168 2204 1212 annum.
2302 1149 2601 1214 Habebit
2674 1152 2875 1216 etiarn

364 1253 737 1316 secundum
801 1253 1096 1335 legatum
1149 1253 1234 1316 ad
1285 1252 1652 1316 valenciam
1706 1252 1830 1315 vid.
1885 1263 1953 1316 et
2005 1252 2187 1334 quod
2241 1253 2414 1317 ultra
2468 1254 2661 1320 fuerit
2710 1256 2881 1321 inter

363 1356 642 1420 eosdem
698 1356 1174 1420 dimidiabitur.
1271 1356 1569 1420 Habebit
1617 1357 1821 1419 etiam
1871 1356 1956 1420 de
2016 1355 2464 1420 oblationibus
2524 1356 2610 1421 ad
2670 1359 2879 1424 altare

365 1460 915 1544 provenientibus
967 1481 1171 1524 unum
1223 1461 1569 1525 denarium
1624 1461 1848 1524 missal
1864 1460 2050 1545 [em],
2085 1462 2402 1543 quociens
2450 1463 2879 1527 celebraverit

362 1574 433 1629 et
494 1565 807 1629 denarius
874 1566 1269 1648 provenerit,
1329 1575 1397 1629 et
1456 1565 1770 1647 quicquid
1850 1586 1940 1628 ex
2014 1565 2370 1629 devotione
2446 1565 2740 1630 fidelium
2816 1568 2875 1631 e'

365 1670 850 1734 rationabiliter
895 1671 1091 1734 suerit
1122 1670 1455 1736 collatum.
1555 1670 1855 1735 Habebit
1899 1671 2101 1735 etiam
2136 1670 2572 1735 sufficientem
2619 1672 2878 1736 exhibi-

362 1774 640 1847 tionem,
670 1775 842 1837 sicut
872 1776 1248 1851 canonicuS,
1279 1775 1501 1856 quoad
1534 1776 1848 1838 victualia
1887 1776 1952 1838 in
1988 1795 2218 1839 mensa
2247 1776 2717 1839 canonicorum
2765 1776 2877 1840 ubi

362 1878 670 1940 canonici
724 1899 978 1942 moram
1027 1878 1286 1942 facient.
1380 1879 1702 1944 Canonici
1750 1899 1908 1943 vero
1968 1880 2028 1943 ei
2083 1879 2394 1943 clericum
2447 1879 2760 1943 idoneum
2812 1889 2880 1944 et

360 1980 510 2062 ejus
585 1981 908 2063 obsequio
981 1993 1050 2046 et
1121 1982 1399 2046 ecclesie
1487 1983 1853 2047 ministerio
1927 1982 2245 2046 devotum
2338 1982 2692 2059 invenient,
2764 1984 2879 2066 qui

356 2084 818 2167 juramentum
881 2085 1220 2151 fidelitatis
1280 2096 1347 2151 et
1407 2085 1783 2149 devotionis
1844 2087 1968 2170 ipsi
2035 2085 2429 2170 cappellano
2505 2096 2577 2151 ut
2637 2087 2879 2151 vicario

364 2189 713 2271 prestabit,
758 2189 942 2253 salva
988 2188 1119 2254 fide
1164 2192 1459 2273 ipsorum
1507 2191 1999 2267 canonicorum,
2048 2200 2117 2253 et
2174 2189 2350 2253 idem
2397 2192 2697 2255 canonici
2729 2191 2878 2274 ,ipsi

360 2293 614 2356 vicario
673 2294 976 2357 similiter
1026 2294 1407 2377 garcionem
1464 2294 1820 2369 invenient,
1871 2292 2016 2375 ejus
2069 2292 2389 2376 obsequio
2437 2293 2881 2377 deputatum;

361 2416 536 2477 quos
591 2397 717 2479 ipsi
758 2397 823 2459 in
864 2397 1176 2460 omnibus
1215 2397 1351 2459 suis
1388 2398 1705 2479 expensis
1743 2397 2210 2479 procurabunt.
2306 2397 2439 2462 Ubi
2481 2407 2703 2462 autem
2744 2419 2878 2462 non

362 2500 619 2563 habent
695 2501 1051 2563 canonicos
1119 2501 1500 2576 residenteS,
1561 2499 1853 2576 clericuS,
1912 2501 2025 2581 qui
2102 2511 2176 2563 ut
2250 2501 2705 2582 supradictum
2780 2511 2882 2566 est

361 2604 688 2686 expensis
763 2604 1235 2666 canonicorum
1311 2603 1789 2685 procurabitur,
1865 2604 2119 2667 clavem
2196 2603 2449 2668 deferet
2540 2606 2605 2667 in
2674 2605 2880 2668 domo

360 2709 842 2771 canonicorum
885 2716 953 2772 et
998 2727 1224 2770 curam
1281 2706 1552 2771 habebit
1602 2706 1898 2783 liberam,
1948 2717 2019 2770 ut
2074 2728 2190 2789 per
2243 2708 2460 2790 ipsum
2512 2709 2879 2790 presbitero

362 2811 773 2876 sufficienter
833 2823 901 2876 et
961 2809 1322 2875 honorifice
1384 2811 1449 2874 in
1512 2810 1911 2873 victualibus
1978 2812 2348 2874 necessaria
2411 2813 2879 2877 ministrentur.

363 2915 692 2981 Canonici
726 2915 996 2999 quidem
1029 2916 1248 2980 eidem
1293 2914 1688 2998 cappellano
1733 2936 1980 2997 equum
2026 2915 2364 2980 invenient
2396 2917 2712 2999 quociens
2760 2938 2882 3001 pro

363 3021 655 3103 negotiis
685 3040 918 3084 eorum
951 3030 1018 3084 et
1046 3018 1323 3083 ecclesie
1354 3018 1550 3082 fuerit
1581 3017 1996 3101 profecturus
2044 3028 2182 3082 tam
2225 3018 2310 3082 ad
2354 3020 2647 3103 capitula
2677 3041 2879 3102 quarn

361 3123 451 3187 ad
500 3124 635 3187 alia
688 3124 874 3187 loca:
918 3132 986 3187 et
1035 3123 1160 3205 ipsi
1211 3122 1512 3185 canonici
1573 3123 1800 3185 omnia
1850 3142 2052 3186 onera
2102 3123 2393 3206 ipsarum
2454 3124 2880 3189 ecclesiarum

363 3227 821 3291 sustinebunt.

358 3463 605 3613 [Henya
631 3464 910 3599 zlzpliain,
925 3463 1224 3532 presented
1239 3463 1306 3530 by
1326 3462 1416 3516 the
1439 3461 1619 3516 Abbot
1634 3462 1757 3516 and
1778 3462 1998 3516 Canons
2018 3464 2091 3530 of
2106 3463 2325 3532 Oseney,
2346 3464 2396 3516 is
2418 3464 2711 3518 mstituted
2727 3467 2889 3519 vicar

496 3562 532 3599 o
590 3546 638 3599 C
735 3551 762 3598 t
809 3547 948 3613 tom]

546 3682 1513 3758 CESTRETONA.—HenricuS,
1544 3682 1992 3765 cappellanuS,
2018 3691 2438 3765 presentatus
2469 3703 2585 3765 per
2607 3684 2880 3750 eosdem

359 3787 450 3850 ad
502 3796 896 3869 perpetuam
949 3787 1263 3849 vicariam
1316 3786 1592 3849 ecclesie
1644 3786 1729 3850 de
1779 3785 2114 3850 Ceterton’
2178 3784 2324 3869 [sic]
2383 3785 2758 3851 ordinatam
2811 3798 2883 3852 ut

360 3910 588 3973 supra,
648 3890 733 3954 ad
794 3890 1075 3953 eandem
1140 3889 1469 3953 admissus
1530 3899 1651 3965 est,
1698 3899 1767 3952 et
1829 3891 1894 3953 in
1956 3910 2036 3953 ea
2095 3910 2247 3953 cum
2308 3909 2508 3954 onere
2567 3901 2635 3954 et
2710 3911 2883 3975 pena

359 3995 764 4058 vicariorum
827 3994 1107 4057 vicarius
1168 4003 1528 4076 perpetuus
1590 3994 1948 4057 institutus
2045 3994 2134 4058 Et
2196 3992 2569 4076 injunctum
2631 4004 2733 4059 est
2779 3995 2881 4073 A„

366 4097 873 4162 Archidiacono
903 4099 1195 4182 presenti
1229 4107 1319 4175 ut,
1349 4108 1472 4162 ete.

362 4317 655 4388 [Michaeam
678 4317 955 4385 chaplain,
966 4317 1263 4385 presented
1280 4317 1347 4386 by
1366 4317 1457 4372 the
1477 4317 1659 4374 Abbot
1674 4317 1797 4370 and
1819 4316 2043 4371 Canons
2061 4318 2134 4387 os
2150 4318 2368 4388 Oseney,
2385 4320 2436 4372 is
2456 4321 2883 4388 mstitutedper-

487 4400 693 4469 petua!
710 4400 873 4453 vicar
889 4403 952 4468 ql
983 4400 1063 4454 St.
1089 4399 1263 4468 Mary
1284 4398 1643 4469 Magdalene,
1672 4400 1927 4470 Oxford]

549 4535 914 4612 MAGDAL',
989 4535 1654 4613 OXON’.—Michael,
1728 4537 2179 4620 cappellanus,
2254 4547 2674 4621 presentatus
2765 4559 2883 4622 per

359 4639 641 4705 eosdem
682 4638 768 4702 ad
817 4650 1207 4723 perpetuam
1249 4640 1561 4704 vicariam
1607 4640 1882 4705 ecclesie
1925 4642 2172 4706 Sancte
2216 4642 2428 4706 Marie
2479 4642 2882 4726 Magdalene

362 4744 454 4809 de
518 4742 761 4819 Oxon’,
821 4742 1197 4808 ordinatam
1261 4754 1333 4807 ut
1392 4763 1610 4827 supra,
1657 4745 1781 4807 nisi
1832 4745 2023 4809 aliter
2068 4746 2240 4809 inter
2286 4746 2504 4828 ipsum
2552 4755 2619 4810 et
2664 4746 2882 4810 dictos

366 4847 728 4912 canonicos
758 4847 1161 4923 convenerit,
1192 4847 1277 4910 ad
1310 4847 1596 4911 eandem
1631 4847 1964 4912 admissus
1995 4860 2114 4926 est,
2145 4859 2214 4914 et
2260 4850 2325 4912 in
2368 4871 2448 4914 ea
2489 4869 2641 4915 cum
2678 4870 2881 4914 onere

365 4963 439 5016 et
469 4971 647 5035 pena
675 4950 1069 5015 vicariorum
1102 4951 1385 5016 vicarius
1415 4960 1776 5035 perpetuus
1810 4954 2167 5019 institutus.
2262 4954 2352 5019 Et
2383 4953 2755 5036 injunctum
2779 4964 2882 5019 est

374 5055 873 5122 Archidiacono
904 5055 1195 5141 presenti
1228 5064 1320 5134 ut,
1350 5065 1472 5122 ete.

2651 5180 2689 5222 c
2719 5180 2753 5224 2
