3596 5866
1121 525 1472 621 Episcopi
1519 525 2097 598 Lz'ncolnz'ensz'sss
2720 553 2756 600 2
2772 554 2806 600 2
2820 551 2857 622 5

343 765 645 829 canonici
712 765 1215 843 LincolniensiS,
1276 766 1454 848 apud
1522 766 1929 850 Lidingtone
1991 776 2190 830 sexto
2252 767 2399 829 idus
2459 766 2616 849 Julii
2684 788 2862 831 anno

345 867 773 949 pontificatus
806 867 1013 930 nostri
1049 868 1227 931 xviii.

520 970 665 1035 Sub
715 971 953 1035 eadem
1010 971 1221 1034 forma
1271 972 1590 1055 scriptum
1645 983 1747 1036 est
1811 993 1930 1055 pro
1981 973 2288 1055 Johanne
2338 973 2423 1035 de
2487 972 2860 1036 Bannebire

342 1094 552 1156 super
570 1074 850 1138 ecclesia
880 1094 1001 1137 sua
1031 1074 1118 1137 de
1154 1075 1584 1158 Litcheberg’.

342 1436 420 1504 [Α
444 1435 752 1488 relaxatione
773 1437 844 1504 of
867 1453 931 1500 13
952 1436 1089 1504 days
1110 1438 1181 1505 of
1193 1439 1441 1503 penance
1463 1442 1516 1488 to
1537 1435 1624 1488 all
1642 1436 1770 1489 who
1779 1437 1921 1504 give
1941 1436 2087 1489 alms
2108 1443 2161 1490 to
2183 1437 2273 1489 the
2294 1436 2486 1505 bridge
2507 1438 2578 1505 of
2599 1437 2864 1505 Welling-

475 1516 737 1584 borouglz,
761 1516 940 1569 mlled
957 1517 1174 1584 Staples
1196 1516 1449 1584 Bn‘dge,·
1482 1517 1628 1585 Sept.
1652 1535 1730 1580 21,
1760 1519 1931 1584 1227]

523 1637 857 1701 Omnibus
903 1647 1024 1699 etc.
1119 1635 1456 1719 Quoniam
1507 1638 1675 1700 inter
1719 1658 1924 1719 opera
1969 1639 2262 1701 caritatis
2310 1638 2375 1701 id
2423 1637 2628 1706 valde*
2663 1639 2855 1701 meri-

348 1740 594 1804 torium
644 1749 987 1822 reputatur
1032 1739 1213 1822 quod
1262 1739 1347 1802 ad
1405 1740 1739 1823 publicam
1802 1740 2137 1804 confertur
2185 1741 2560 1819 utilitatem,
2608 1743 2863 1805 univer-

347 1846 617 1907 sitatem
660 1853 949 1907 vestram
996 1842 1400 1907 monendam
1445 1843 1765 1907 duximus
1810 1855 1877 1907 et
1915 1843 2409 1908 exhortandam
2452 1846 2517 1907 in
2566 1846 2863 1908 Domino

346 1949 662 2032 quatinus
694 1947 777 2010 ad
812 1948 1376 2011 constructionem
1419 1959 1486 2011 et
1528 1949 2103 2012 conservationem
2145 1949 2367 2031 pontis
2400 1950 2484 2012 de
2517 1949 2861 2032 Wenling-

348 2051 686 2134 burg'‚qui
722 2051 1156 2134 Staplesbrig'
1187 2061 1628 2135 nuncupatur,
1661 2072 1813 2114 cum
1850 2074 1967 2116 vos
2000 2052 2148 2115 illac
2181 2053 2461 2116 transire
2493 2054 2864 2136 contigerit,

349 2156 435 2219 de
481 2156 675 2218 bonis
721 2156 911 2218 vobis
957 2176 997 2218 a
1047 2157 1195 2220 Deo
1244 2156 1502 2219 collatis
1556 2156 1805 2238 aliquid
1862 2157 2204 2221 caritative
2257 2158 2627 2222 conferatis,
2724 2158 2893 2221 Nos‘

347 2270 574 2324 autem
608 2259 694 2323 de
727 2260 855 2323 Dei
891 2260 1339 2323 misericordia
1376 2259 1626 2337 confisi,
1657 2262 1970 2324 omnibus
2012 2272 2236 2326 nostre
2268 2261 2551 2325 diocesis
2594 2271 2661 2325 et
2703 2263 2867 2337 aliis,

347 2385 631 2447 quorum
664 2364 1003 2429 diocesani
1037 2365 1208 2429 hanc
1241 2377 1537 2430 nostram
1572 2367 2056 2429 relaxationem
2092 2375 2303 2430 ratam
2350 2366 2719 2443 habuerint,
2751 2387 2868 2449 per

350 2470 571 2551 ipsum
636 2481 911 2552 pontem
960 2471 1457 2534 transeuntibus
1503 2481 1571 2534 et
1616 2471 2017 2535 elemosinas
2064 2491 2217 2533 suas
2266 2470 2511 2535 ibidem
2563 2471 2670 2553 pie
2715 2492 2869 2534 con-

350 2571 732 2648 ferentibus,
764 2573 1084 2636 confessis
1116 2585 1182 2637 et
1218 2595 1370 2638 vere
1404 2574 1875 2657 penitentibuS,
1899 2574 1982 2637 de
2018 2574 2315 2655 injuncta
2347 2574 2469 2637 sibi
2503 2575 2870 2656 penitentia

349 2675 703 2739 tresdecim
736 2674 879 2739 dies
912 2678 1308 2741 relaxamus
1409 2678 1602 2741 Hanc
1634 2687 1860 2741 autem
1882 2690 2106 2741 nostre
2133 2678 2564 2742 relaxationis
2585 2679 2868 2760 gratiam

356 2778 790 2843 concedimus
853 2802 969 2863 per
1029 2782 1383 2845 triennium
1449 2782 1855 2859 duraturam,
1916 2782 2343 2865 prohibentes
2404 2803 2487 2846 ne
2540 2803 2691 2846 cum
2746 2782 2873 2845 hiis

352 2883 588 2948 litteris
644 2885 886 2948 nostris
949 2887 1330 2969 patentibus
1393 2888 1665 2951 nuntius
1718 2896 1834 2950 aut
1890 2886 2264 2970 predicator
2311 2886 2468 2951 alibi
2531 2907 2732 2969 quam
2782 2886 2866 2950 ad

359 2987 731 3068 predictum
778 3000 1050 3070 pontem
1103 2992 1407 3055 mittatur
1438 2991 1520 3053 ad
1569 2991 1967 3054 elemosinas
2014 2990 2437 3073 colligendas
2532 2991 2711 3055 Data
2759 3011 2874 3073 per

359 3112 633 3155 manum
685 3092 951 3156 Radulfi
1001 3094 1086 3157 de
1135 3094 1513 3170 Waraville‚
1551 3095 1851 3180 canonici
1906 3095 2407 3170 LincolniensiS,
2449 3094 2627 3177 apud
2678 3094 2871 3176 Spal-

356 3194 566 3259 dewic
599 3194 957 3259 undecimo
991 3196 1311 3260 kalendas
1345 3198 1658 3262 Octobris
1692 3197 2121 3280 pontificatus
2155 3199 2360 3261 nostri
2395 3218 2572 3261 anno
2606 3198 2784 3259 xviii.

538 3479 674 3563 [On
709 3481 815 3543 the
836 3482 1128 3595 choe—-J
1383 3571 1661 3635 ANNUS
1711 3586 1841 3633 xlx

362 3723 513 3788 [The
557 3722 770 3791 szltop
811 3722 1027 3788 confers
1065 3724 1213 3787 upon
1250 3721 1492 3788 Stephen
1528 3722 1595 3774 de
1631 3722 1912 3790 Axcbnge
1949 3722 2263 3775 nvo-thinis
2293 3722 2366 3789 of
2393 3721 2484 3774 tlte
2526 3721 2662 3774 tithe
2704 3721 2776 3789 os
2786 3721 2877 3774 tlte
2940 3733 2943 3738 ·

493 3804 747 3856 deme-rue
768 3804 839 3872 os
851 3803 1051 3870 Philtp
1073 3802 1243 3855 Bosce
1264 3803 1325 3856 in
1350 3802 1516 3856 Little
1540 3803 1850 3872 Houghton
1864 3805 2037 3870 ,·Jan.
2060 3823 2106 3870 4,
2134 3807 2294 3865 1228;
2328 3819 2413 3856 see
2424 3807 2486 3871 p.
2513 3804 2646 3872 137]

542 3923 794 3988 SUPER
872 3936 1171 3987 DUABUS
1249 3936 1613 3987 PARTIBUS
1675 3936 1964 3987 DECIME
2038 3922 2469 3987 GARBARUM
2538 3923 2871 3985 PHILIPI'I

363 4026 610 4091 BOSCE
659 4039 739 4089 IN
796 4025 1629 4090 HOUTONE.—Omnibus
1673 4036 1795 4090 etc.
1892 4026 2170 4090 Noverit
2217 4026 2611 4088 universitas
2654 4034 2871 4089 vestra

364 4151 489 4193 nos
521 4141 677 4213 post
707 4129 1038 4193 diutinam
1075 4131 1492 4194 vacationem
1528 4151 1643 4213 per
1690 4130 1873 4194 litem
1908 4132 2078 4195 inter
2111 4129 2494 4212 Philippum
2545 4129 2755 4192 Bosce
2798 4140 2866 4193 et

366 4235 781 4299 Willelmum
845 4235 929 4298 de
991 4234 1250 4313 Wand‘,
1306 4247 1626 4300 rectorem
1682 4235 1957 4297 ecclesie
2018 4235 2101 4298 de
2166 4234 2632 4317 Langeporth’,
2677 4254 2873 4315 super

365 4337 627 4402 duabus
660 4338 960 4420 partibus
992 4339 1249 4403 decime
1280 4338 1634 4423 garbarum
1661 4339 1746 4402 de
1777 4339 2115 4402 dominico
2145 4338 2445 4419 ejusdem
2484 4337 2769 4419 Philippi
2804 4338 2870 4400 in

371 4442 696 4505 Houtone
743 4453 1017 4519 motam,
1064 4442 1310 4508 dilecto
1375 4445 1436 4506 in
1493 4444 1760 4507 Christo
1815 4443 1951 4506 filio
2003 4443 2350 4525 Stephano
2398 4443 2483 4505 de
2533 4441 2873 4523 Axebrig’,

367 4547 627 4623 cleric0,
672 4545 970 4611 decimas
1019 4549 1195 4629 ipsas
1242 4558 1385 4611 tota
1419 4549 1555 4610 vita
1601 4569 1721 4610 sua
1766 4548 1937 4611 bene
1978 4560 2046 4611 et
2093 4549 2157 4610 in
2207 4569 2370 4630 pace
2417 4548 2875 4630 percipiendas

366 4639 732 4734 episcopali
766 4652 1162 4715 auctoritate
1201 4652 1579 4727 contulisse,
1621 4653 1807 4715 salvo
1847 4654 1912 4714 in
1955 4661 2292 4734 posterum
2327 4653 2386 4714 ei
2417 4653 2562 4733 jure
2608 4673 2728 4714 suo
2760 4652 2872 4733 qui

363 4756 472 4838 jus
504 4755 889 4819 conferendi
922 4755 1194 4818 easdem
1226 4755 1496 4818 evicerit
1524 4778 1536 4830 ;
1569 4756 2013 4819 concedentes
2044 4754 2261 4818 eidem
2299 4755 2645 4838 Stephano
2690 4756 2870 4837 quod

367 4859 666 4924 decimas
714 4859 1045 4941 predictas
1094 4871 1465 4924 memorato
1499 4860 1856 4937 willelmo,
1904 4860 2139 4923 rectori
2185 4861 2463 4924 ecclesie
2493 4859 2579 4922 de
2615 4859 2873 4940 Lange-

372 4963 609 5046 porth’,
655 4962 981 5027 tenendas
1026 4963 1111 5027 ad
1162 4963 1420 5027 firmam
1471 4985 1589 5046 pro
1636 4985 1768 5027 una
1816 4977 2306 5027 marca'annua
2353 4965 2417 5026 in
2468 4964 2637 5026 festo
2667 4962 2879 5026 sancti

509 5071 651 5122 Vot.
692 5070 760 5123 11.
2723 5083 2760 5132 Q
