3596 5866
694 586 787 652 42
1149 583 1153 588 ·
1372 563 1641 637 Rotulz'
1688 561 1785 635 H
1783 512 2043 662 ugonis
2096 563 2184 637 de
2254 561 2516 637 Welles

693 797 1002 866 [Magister
1017 798 1206 851 Adam
1230 801 1301 869 os
1312 799 1620 863 Senestane,
1638 800 1936 867 presented
1951 800 2018 868 by
2033 800 2125 853 tlte
2146 800 2322 853 Prior
2339 800 2460 853 and
2481 800 2732 853 Convent
2750 801 2821 868 of
2834 800 2899 851 K
2889 800 3198 862 enilwortlt,

823 881 872 931 is
905 881 1195 933 instituted
1198 884 1413 948 parson
1435 883 1508 949 of
1518 882 1700 934 Hetlte
1710 899 1739 943 ,·
1757 883 1827 934 be
1847 883 1898 934 is
1918 887 1972 935 to
1993 883 2054 935 be
2075 882 2346 935 ordained
2357 882 2678 935 sub-deacon
2702 882 2769 951 by
2789 883 2881 935 the
2903 882 3115 949 Bishop
3136 883 3210 949 of

822 961 1003 1024 Paris,
1028 962 1195 1031 being
1218 962 1392 1032 benefi
1393 963 1491 1016 ced
1506 965 1567 1015 in
1590 964 1742 1016 those
1753 965 1963 1031 parts]

870 1082 1106 1147 ECHA¹
1152 1082 1297 1166 [sic]
1312 1084 1744 1167 .—Magister
1780 1083 2004 1147 Adam
2038 1084 2124 1148 de
2172 1085 2519 1149 Senestan'
2552 1084 2824 1168 [blank]
2856 1095 3195 1167 presenta-

691 1196 797 1248 tus
829 1207 945 1269 per
978 1187 1271 1250 Priorem
1305 1198 1373 1251 et
1403 1198 1811 1251 conventum
1845 1188 1930 1251 de
1966 1168 2367 1251 Kenildewr'
2399 1187 2485 1251 ad
2517 1189 2867 1252 ecclesiam
2894 1187 2978 1252 de
3009 1189 3204 1263 Etha,

690 1288 867 1352 facta
918 1290 1096 1373 prius
1147 1291 1574 1373 inquisitione
1628 1313 1745 1374 per
1803 1292 1903 1367 Α.,
1962 1292 2530 1356 Archidiaconum
2583 1292 2828 1367 Oxon',
2881 1303 3023 1368 etc„
3084 1313 3202 1376 per

690 1414 910 1474 quam,
941 1404 1082 1469 etc.,
1115 1393 1199 1457 ad
1251 1394 1535 1458 eandem
1585 1396 1934 1459 ecclesiam
1986 1395 2318 1458 admissus
2364 1406 2484 1472 est,
2515 1407 2657 1472 etc.,
2689 1407 2757 1460 et
2805 1396 3198 1461 mandatum

689 1507 790 1560 est
821 1497 1002 1561 dicto
1035 1499 1530 1562 Archidiacono
1571 1510 1659 1576 ut,
1691 1510 1814 1563 etc.
1909 1500 2247 1582 Scriptum
2294 1501 2498 1563 etiam
2531 1499 2809 1563 domino
2865 1500 3203 1584 Episcopo

694 1603 1060 1679 Parisiensi,
1120 1602 1301 1685 quod
1376 1604 1613 1686 ipsum,
1682 1605 1746 1667 in
1821 1604 2122 1686 partibus
2200 1604 2351 1667 istio
2427 1603 2682 1667 benefic
2696 1601 2819 1687 [ia]
2834 1615 2997 1679 tum,
3057 1605 3202 1668 vice

690 1705 943 1781 domini
982 1708 1464 1771 Lincolniensis
1499 1729 1890 1791 promovere
1924 1708 2081 1771 velit
2114 1709 2179 1771 in
2213 1707 2719 1784 subdiaconum,
2750 1719 2818 1772 et
2849 1708 3012 1798 quid
3046 1709 3201 1772 inde

692 1810 936 1887 fecerit,
995 1811 1342 1876 dominum
1418 1813 1829 1895 Episcopum
1905 1812 2443 1875 Lincolniensem
2512 1812 2899 1876 litteratorie
2967 1812 3202 1876 reddat

691 1915 1055 1978 certiorem.

696 2088 715 2148 [
723 2084 866 2149 John
904 2084 971 2137 de
1013 2085 1285 2146 Colelium,
1330 2085 1609 2153 chaplain,
1635 2087 1934 2154 presented
1971 2086 2037 2155 by
2082 2087 2172 2139 the
2209 2087 2380 2139 Prior
2409 2086 2534 2139 and
2570 2087 2822 2140 Convent
2851 2089 2921 2156 of
2943 2087 3197 2147 Bicester‚

820 2167 870 2219 is
892 2167 1183 2220 instituted
1198 2169 1358 2221 vicar
1373 2170 1444 2237 of
1469 2169 1748 2235 Bicester]

866 2287 1732 2370 BERNCEST'.—Johannes
1783 2289 1869 2352 de
1919 2288 2280 2371 Colha[m],
2330 2290 2731 2371 capellanuS,
2784 2299 3199 2371 presentatus

692 2411 807 2473 per
855 2392 1147 2455 Priorem
1201 2402 1268 2455 et
1322 2403 1725 2464 conventum
1783 2394 1869 2456 de
1927 2393 2367 2456 Berincestria
2414 2393 2497 2456 ad
2555 2394 2867 2456 vicariam
2924 2394 3199 2458 ecclesie

690 2495 1084 2577 parochialis
1135 2496 1402 2573 ibidem,
1435 2518 1552 2579 per
1598 2498 2114 2581 resignationem
2168 2497 2442 2561 Roberti
2491 2499 2669 2579 prius
2702 2498 2926 2560 vicarii
2959 2519 3197 2561 vacan-

690 2608 847 2675 tem,
893 2600 1068 2663 sacta
1121 2602 1301 2683 prius
1363 2602 1788 2683 inquisitione
1841 2623 1957 2684 per
2007 2602 2109 2678 Α.,
2162 2600 2730 2665 Archidiaconum
2789 2602 3033 2680 Oxon’,
3082 2624 3199 2685 per

688 2725 910 2786 quam,
940 2714 1081 2781 εἴα,
1127 2704 1457 2769 admissus
1506 2718 1626 2781 est,
1671 2717 1816 2782 etc.,
1861 2727 2012 2769 cum
2069 2726 2270 2769 onere
2318 2715 2387 2769 et
2436 2726 2611 2788 pena
2663 2707 3078 2783 vicariorum,
3130 2718 3198 2771 et

691 2807 1083 2871 mandatum
1115 2818 1218 2872 est
1248 2809 1429 2871 dicto
1465 2809 1961 2873 Archidiacono
1995 2820 2084 2886 ut,
2116 2821 2239 2873 ete.

688 2978 914 3047 [Robert
942 2979 1010 3032 de
1048 2979 1328 3047 Kington’,
1367 2980 1703 3042 sub-deacon,
1734 2980 2030 3047 presented
2059 2980 2124 3048 by
2168 2980 2379 3034 Walter
2411 2979 2479 3032 de
2511 2980 2789 3043 Fontibus,
2834 2982 2882 3033 is
2915 2980 3205 3034 instituted
3255 3010 3264 3018 -

809 3064 1022 3127 parson
1077 3063 1147 3130 os
1193 3062 1284 3114 tlte
1323 3062 1553 3131 medietr
1596 3064 1668 3128 of
1692 3062 1994 3114 Rowsham
2035 3062 2233 3115 church
2272 3061 2455 3114 which
2482 3078 2601 3114 was
2635 3062 2771 3114 held
2803 3062 2870 3131 by
2904 3062 3105 3115 Robert
3131 3062 3200 3116 de

818 3142 1072 3206 Esthall',
1098 3159 1227 3195 now
1247 3143 1519 3212 beneficed
1537 3145 1597 3195 in
1622 3143 1913 3197 Roclzester
1929 3144 2171 3212 diocese]

868 3253 1299 3318 ROSESHAM¹
1361 3253 1965 3338 [sz‘c].—Robertus
2012 3255 2098 3319 de
2148 3255 2489 3337 Kington'‚
2539 3255 3005 3330 subdiaconuS,
3052 3276 3196 3338 pre-

689 3366 989 3421 sentatus
1036 3378 1153 3440 per
1188 3358 1556 3422 Walterum
1589 3359 1675 3422 de
1709 3359 2036 3422 Fontibus
2084 3359 2168 3422 ad
2218 3358 2397 3422 illam
2448 3358 2874 3422 medietatem
2921 3359 3197 3422 ecclesie

689 3458 775 3523 de
811 3460 1216 3537 Rollesham,
1239 3482 1440 3544 quam
1479 3463 1812 3526 Robertus
1845 3462 1930 3526 de
1956 3463 2237 3527 Esthall’
2263 3463 2494 3538 tenuit,
2516 3462 2579 3525 in
2612 3462 2860 3526 diocesi
2897 3462 3196 3526 Roffensi

690 3563 953 3627 denovo
984 3564 1433 3642 beneficiatuS,
1467 3566 1641 3630 facta
1674 3568 1853 3650 prius
1886 3568 2312 3649 inquisitione
2347 3587 2461 3649 per
2497 3566 2596 3642 Α.,
2625 3566 3191 3631 Archidiaconum

691 3667 935 3744 Oxon’‚
965 3679 1033 3732 et
1065 3670 1346 3751 receptis
1380 3669 1583 3733 literis
1615 3670 1869 3733 domini
1908 3670 2262 3747 RoffensiS,
2289 3670 2492 3734 literis
2538 3671 2739 3734 etiam
2789 3670 2948 3734 dicti
3001 3671 3076 3733 R.
3108 3669 3194 3734 de

692 3771 989 3848 Esthall',
1020 3793 1136 3855 per
1165 3794 1296 3855 que
1328 3775 1669 3856 negotium
1705 3774 1829 3837 fuit
1860 3775 1926 3837 in
1958 3774 2298 3857 expedite,
2330 3774 2415 3837 ad
2447 3773 2729 3838 eandem
2765 3773 3190 3838 medietatem

689 3876 1019 3940 admissus
1048 3887 1168 3954 est,
1199 3888 1340 3954 etc„
1371 3879 1495 3942 sub
1528 3899 1702 3961 pena
1731 3879 1911 3961 quod
1946 3900 2097 3942 cum
2131 3879 2444 3942 dominus
2488 3879 2862 3961 Episcopus
2894 3879 3194 3954 voluerit,

690 3981 911 4044 veniet
964 3982 1048 4045 ad
1099 3981 1363 4046 ordines
1425 3983 1696 4046 ulterius
1756 3983 2165 4046 ordinandus
2193 4003 2206 4059 ;
2266 3994 2334 4047 et
2397 3982 2787 4046 mandatum
2850 3992 2951 4046 est
3011 3982 3193 4045 dicto

695 4083 1186 4149 Archidiacono
1219 4096 1309 4162 ut,
1339 4096 1459 4149 etc.

689 4253 895 4320 [sames
916 4254 983 4308 de
1010 4255 1076 4306 K
1066 4256 1323 4317 aworthe,
1341 4256 1638 4323 presented
1664 4257 1729 4324 by
1751 4256 1901 4324 Ralf,
1926 4272 2025 4308 son
2058 4258 2129 4325 of
2153 4257 2428 4319 Nicholczs‚
2456 4255 2673 4322 kniglzt,
2700 4256 2765 4323 by
2786 4271 2978 4308 reason
3012 4257 3082 4323 os
3105 4255 3195 4308 the

820 4337 1106 4405 wardship
1129 4339 1200 4407 os
1214 4339 1303 4390 the
1336 4339 1483 4391 heir-s
1516 4341 1586 4407 of
1609 4338 1856 4391 W’illiam
1880 4338 2111 4406 Pipard,
2135 4340 2185 4391 is
2217 4338 2509 4391 instituted
2527 4342 2738 4405 parson
2772 4339 2843 4407 of
2856 4337 3199 4405 Rotherfield

820 4419 1094 4486 Peppard.
1163 4419 1256 4473 He
1277 4421 1325 4472 is
1347 4426 1400 4472 to
1422 4420 1482 4473 be
1504 4420 1779 4473 ordained
1793 4420 2157 4488 sub-deacon.]

867 4539 1920 4622 RETHERESFELDE.—Jacobus
1952 4540 2037 4603 de
2071 4539 2434 4602 Kaworthe
2466 4538 2738 4621 [blank],
2772 4549 3190 4620 presentatus

689 4662 807 4724 per
841 4641 1201 4705 Radulfum
1236 4643 1441 4706 filium
1481 4646 1540 4707 N
1550 4645 1807 4719 icholai,
1839 4645 2136 4719 militem,
2169 4644 2252 4706 ad
2300 4644 2650 4707 ecclesiam
2699 4644 2783 4706 de
2833 4644 3186 4707 Retheres-

689 4744 863 4808 felde
892 4746 1152 4829 Pipard,
1172 4749 1427 4810 ratione
1448 4747 1746 4811 custodie
1778 4759 2099 4811 terrarum
2133 4760 2198 4811 et
2232 4747 2549 4811 heredum
2578 4747 2893 4810 Willelmi
2931 4746 3190 4830 Pipard,

822 4961 837 4989 ¹
865 4960 985 5010 The
1024 4976 1215 5011 names
1256 4961 1308 5010 in
1351 4961 1445 5012 the
1487 4962 1696 5025 margin
1738 4979 1830 5012 are
1867 4962 2050 5012 added
2093 4962 2146 5011 in
2183 4979 2212 5012 a
2251 4961 2411 5012 much
2453 4961 2588 5012 later
2613 4960 2774 5017 hand,
2799 4960 2908 5012 and
2933 4961 3190 5012 whoever

687 5041 870 5093 added
893 5042 1045 5093 them
1068 5042 1164 5093 did
1190 5052 1285 5093 not
1314 5043 1438 5093 look
1463 5043 1672 5108 closely
1694 5051 1749 5094 at
1774 5043 1869 5094 the
1897 5044 2114 5108 writiug
2139 5042 2200 5093 os
2221 5042 2314 5093 the
2341 5043 2570 5108 original
2594 5042 2795 5094 scribe.
