3596 5866
742 527 838 612 64
1149 557 1154 560 ·
1428 523 1701 597 Rotulz’
1747 523 1841 595 H
1840 523 2099 620 ugonis
2149 524 2237 597 de
2306 522 2571 595 Welles

745 765 1034 827 Priorem
1117 764 1490 847 Hospitalis
1563 764 2083 847 Jerosolimitani
2161 764 2225 827 in
2307 764 2556 846 Anglia
2631 773 2698 827 et
2763 763 3100 845 Rogerum
3162 763 3249 826 de

741 867 1197 931 Wimberville
1259 869 1464 950 ipsius
1524 868 1801 932 ecclesie
1863 878 2289 950 patronatum
2353 868 2417 929 in
2480 869 2662 930 curia
2721 866 2976 930 domini
3042 867 3247 949 Regis

739 972 949 1046 enitit,
981 970 1064 1033 ad
1098 970 1381 1034 eandem
1413 972 1762 1035 ecclesiam
1796 971 2128 1034 admissus
2159 980 2278 1045 est,
2303 981 2371 1034 et
2403 972 2468 1034 in
2501 991 2580 1034 ea
2612 972 2932 1033 canonice
2964 991 3247 1053 persona

742 1076 1099 1139 institutus.
1196 1078 1286 1140 Et
1348 1077 1719 1158 injunctum
1782 1088 1884 1141 est
1949 1077 2441 1141 Archidiacono
2515 1077 2803 1159 presenti
2864 1076 3065 1159 quod,
3123 1088 3245 1139 etc.

748 1182 999 1243 Actum
1033 1181 1245 1263 pridie
1280 1181 1657 1245 Kalendars
1691 1181 1959 1264 Aprilis,

740 1374 985 1441 [Walter
1004 1374 1071 1428 de
1090 1376 1372 1441 Ailesbire,
1398 1376 1615 1437 deam,
1634 1377 1925 1446 presented
1952 1377 2018 1446 by
2036 1378 2127 1430 the
2148 1376 2324 1429 Abbot
2340 1376 2462 1428 and
2486 1376 2737 1429 Convent
2760 1376 3174 1445 quis-senden,
3199 1378 3251 1428 is

869 1458 1161 1511 instituted
1178 1464 1232 1511 to
1253 1460 1342 1512 tlte
1354 1461 1655 1527 perpetual
1672 1463 1934 1529 vicarage
1955 1461 2027 1526 of
2045 1459 2314 1528 Chalfont
2332 1460 2412 1512 St.
2437 1459 2613 1512 Peter.
2681 1459 2794 1511 The
2816 1460 3078 1528 m‘carage
3100 1461 3150 1512 is
3169 1466 3251 1512 set

869 1545 976 1592 out.
1044 1540 1136 1593 He
1152 1542 1202 1593 is
1224 1547 1279 1594 to
1300 1542 1360 1594 be
1382 1542 1660 1594 ordained
1668 1542 1887 1611 priest]

916 1669 1167 1733 SUPER
1222 1669 1549 1733 V1cAR1A
1600 1684 1697 1732 DE
1754 1670 2726 1752 CHALFHUN‘rE.—Magister
2773 1669 3109 1733 Walter-us
3162 1670 3248 1734 de

742 1772 1092 1849 Ailesbire,
1151 1772 1490 1849 diaconuS‚
1551 1782 1971 1856 presentatus
2034 1793 2149 1855 per
2212 1772 2549 1836 Abbatem
2598 1783 2666 1837 et
2713 1783 3114 1837 conventum
3162 1776 3249 1839 de

744 1876 1187 1940 Messendene
1262 1876 1346 1940 ad
1429 1887 1819 1959 perpetuam
1897 1877 2209 1940 vicariam
2293 1877 2570 1941 ecclesie
2646 1877 2732 1940 de
2822 1877 3249 1954 Chalfhunte,

740 1981 917 2044 facta
963 1982 1143 2064 prius
1220 1982 1646 2064 inquisitione
1706 2003 1823 2064 per
1879 1982 2277 2064 Magistrum
2343 1981 2530 2058 Th0.,
2573 1981 2947 2046 Officialem
3012 1981 3247 2045 Archi-

739 2085 1003 2149 diaconi
1054 2085 1699 2168 Bukinghamiensis,
1747 2106 1865 2167 per
1909 2106 2132 2168 quarn,
2176 2095 2318 2162 etc.,
2364 2084 2696 2148 admissus
2755 2095 2857 2149 est
2917 2096 2983 2149 et
3046 2087 3111 2148 in
3166 2107 3246 2149 ea

739 2191 1021 2253 vicarius
1061 2200 1420 2273 perpetuus
1460 2190 1822 2265 institutuS,
1854 2210 2003 2252 cum
2054 2210 2254 2253 onere
2298 2200 2366 2252 et
2414 2210 2587 2272 pena
2633 2191 3046 2253 vicariorum.
3145 2190 3247 2253 Ita

737 2295 1009 2378 quidem
1072 2295 1252 2377 quod
1314 2293 1398 2357 ad
1478 2294 1870 2357 mandatum
1946 2294 2201 2357 domini
2267 2294 2583 2378 Episcopi
2647 2295 2870 2358 veniat
2939 2296 3002 2358 in
3067 2315 3247 2377 pres-

740 2398 1025 2462 biterum
1103 2397 1530 2461 ordinandus
1625 2397 1948 2461 Consistit
2022 2408 2245 2461 autem
2325 2398 2560 2461 eadem
2640 2400 2884 2462 vicaria
2960 2401 3024 2461 in
3102 2410 3247 2463 toto

741 2503 1072 2585 altelagiO,
1103 2513 1171 2565 et
1218 2503 1281 2564 in
1330 2500 1641 2564 omnibus
1688 2502 1877 2564 terris
1923 2521 2073 2567 cum
2124 2504 2482 2584 mesuagiis
2527 2512 2595 2565 et
2642 2497 2786 2565 aliis
2834 2503 3247 2585 pertinentiis

739 2605 823 2669 ad
880 2605 1162 2668 eandem
1205 2616 1447 2667 terram
1497 2604 1774 2667 ecclesie
1815 2604 2318 2686 pertinentibus
2356 2616 2645 2688 excepto
2686 2607 3027 2687 mesuagio
3066 2606 3246 2688 quod

742 2708 1070 2773 Radulsus
1124 2708 1464 2790 quondam
1517 2708 1828 2771 sacerdos
1880 2718 1948 2770 et
1998 2727 2281 2792 persona
2334 2709 2608 2773 ecclesie
2663 2718 3046 2785 memorate,
3094 2731 3248 2774 cum

737 2833 942 2896 grava
988 2814 1299 2895 proxima
1335 2811 1553 2875 eidem
1599 2812 1942 2892 mesuagio
1987 2812 2220 2888 tenuit,
2251 2822 2318 2876 et
2360 2823 2650 2895 excepto
2692 2814 3035 2896 mesuagio
3066 2814 3247 2896 quod

738 2917 896 2980 olim
945 2916 1158 2981 tenuit
1207 2915 1549 2993 RicarduS,
1596 2916 1936 2998 presbiter,
1977 2937 2131 2979 cum
2175 2919 2401 2980 crofta.
2498 2917 2777 2981 Decime
2827 2927 3051 2981 autem
3100 2939 3249 3001 gar-

739 3021 972 3085 barum
1032 3022 1235 3084 totius
1283 3021 1611 3103 parochie,
1656 3021 1963 3103 exce'ptis
2008 3019 2285 3084 decimis
2332 3020 2688 3103 garbarum
2737 3032 2909 3085 terre
2956 3022 3252 3099 ecclesie,

738 3125 822 3188 ad
889 3124 1229 3188 Abbatem
1295 3135 1364 3187 et
1437 3133 1841 3187 conventum
1921 3125 2270 3206 pertinent.
2363 3125 2668 3188 Vicarius
2745 3125 3103 3208 respondet
3164 3126 3251 3190 de

737 3229 1165 3305 sinodalibuS,
1211 3238 1278 3292 et
1324 3229 1624 3291 canonici
1672 3228 1758 3292 de
1804 3228 2097 3311 hospitio
2146 3227 2637 3291 Archidiaconi.
2732 3229 2837 3292 De
2900 3229 3046 3292 aliis
3091 3251 3251 3293 vero

737 3334 1205 3398 exactionibus
1258 3333 1541 3396 vicarius
1596 3353 1717 3415 pro
1771 3334 2015 3396 vicaria
2075 3353 2195 3395 sua
2256 3333 2703 3415 respondebit,
2755 3343 2824 3396 et
2887 3333 3121 3397 Abbas
3178 3345 3250 3399 et

736 3449 1105 3503 conventus
1168 3458 1288 3520 pro
1350 3458 1469 3501 sua
1546 3438 1872 3519 portione.
1968 3437 2058 3500 Et
2137 3436 2510 3520 injunctum
2588 3447 2690 3501 est
2753 3438 3251 3501 Archidiacono

738 3544 1029 3627 presenti
1062 3556 1154 3618 ut,
1184 3552 1307 3606 etc.

733 3762 1009 3833 [Rt'cltard
1024 3762 1092 3816 de
1124 3762 1315 3831 Wlfey,
1341 3761 1675 3823 sub-deam,
1694 3762 1988 3829 presented
2003 3762 2069 3829 by
2089 3762 2179 3815 tlte
2203 3761 2380 3815 Abbot
2395 3762 2516 3815 and
2539 3762 2790 3816 Convent
2807 3762 2879 3830 os
2891 3762 3172 3831 Feugeres
3192 3769 3250 3816 to

866 3846 957 3899 the
984 3845 1201 3898 Charch
1225 3845 1296 3910 of
1311 3844 1591 3912 Tayford.
1615 3845 1665 3896 is
1697 3845 1989 3898 instituted
2005 3849 2219 3913 parson
2253 3845 2477 3913 thereos.
2551 3845 2667 3898 The
2699 3845 2862 3913 right
2890 3847 2962 3914 of
2997 3845 3248 3899 W‘lliam

865 3928 957 3982 the
977 3927 1240 3994 chaplain
1264 3931 1318 3978 to
1339 3927 1431 3979 tlte
1451 3927 1712 3994 vicar-age
1734 3927 1784 3978 is
1806 3926 2073 3990 reserved.
2100 3927 2221 3979 and
2231 3928 2350 3980 also
2373 3927 2497 3979 that
2513 3929 2586 3996 of
2596 3927 2688 3980 the
2708 3927 2885 3980 Abbot
2902 3928 3025 3980 and
3041 3928 3252 3982 Monks

866 4018 920 4064 to
935 4026 972 4062 a
984 4010 1223 4078 pens-ion
1245 4010 1316 4078 os
1327 4011 1361 4060 6
1383 4008 1572 4061 marks
1594 4008 1759 4062 when
1770 4009 1996 4078 proved
2011 4009 2156 4078 due.]

912 4145 1783 4210 TWYFORDE.—Ricardus
1854 4146 1940 4210 de
2001 4146 2245 4229 Wlsey,
2304 4145 2770 4225 subdiaconus,
2830 4159 3250 4230 presentatus

743 4274 859 4336 per
907 4251 1248 4315 Abbatem
1296 4259 1364 4313 et
1411 4260 1814 4314 conventum
1862 4250 1947 4313 de
1997 4250 2327 4333 Feugeres
2375 4249 2459 4314 ad
2507 4250 2854 4314 ecclesiam
2910 4251 2994 4315 de
3048 4252 3249 4315 Twis-

743 4357 945 4432 sorde,
1006 4355 1183 4418 facta
1245 4355 1426 4437 prius
1488 4354 1916 4437 inquisitione
1977 4375 2094 4439 per
2158 4354 2266 4430 M.,
2329 4354 2894 4419 Archidiaconum
2952 4356 3248 4439 Buking-

737 4462 1169 4535 hamiensem,
1200 4480 1317 4542 per
1347 4480 1570 4542 quam,
1601 4469 1747 4535 etc.,
1779 4459 2111 4522 admissus
2142 4470 2261 4535 est,
2292 4468 2360 4522 et
2392 4459 2455 4521 in
2490 4480 2570 4522 ea
2601 4461 2920 4524 canonice
2961 4482 3247 4543 persona

741 4565 1124 4639 institutus;
1172 4563 1357 4625 salvo
1420 4562 1779 4638 Willelmo,
1834 4562 2246 4644 cappellan0‚
2294 4561 2441 4643 jure
2501 4583 2622 4625 suo
2682 4567 2860 4646 quod
2923 4565 3125 4628 habet
3179 4567 3245 4629 in

739 4667 1042 4751 ejusdem
1105 4667 1383 4731 ecclesie
1443 4667 1699 4742 vicarie,
1750 4667 1934 4730 salva
1994 4667 2196 4730 etiam
2255 4666 2508 4731 Abbati
2558 4678 2626 4731 et
2682 4669 3048 4731 monachiis
3102 4668 3245 4752 [sic]

741 4774 1060 4856 pensione
1114 4791 1234 4833 sua
1287 4791 1408 4833 sex
1459 4790 1829 4833 marcarum
1876 4791 2078 4853 quam
2128 4780 2382 4853 petunt,
2428 4791 2578 4833 cum
2627 4771 3052 4853 probaverint
3095 4793 3240 4836 eam

738 4898 883 4941 esse
913 4876 1211 4940 debitam
1246 4885 1313 4939 et
1355 4875 1719 4956 antiquam.
1816 4875 1906 4939 Et
1949 4873 2339 4950 mandatum
2385 4885 2488 4939 est
2519 4873 2701 4939 dicto
2736 4874 3245 4953 Archidiacono,

738 4992 829 5059 ut,
859 4991 980 5044 ete.
