3596 5866
699 569 788 658 78
1139 568 1143 572 ⁴
1405 566 1677 642 Rotulz‘
1705 568 1804 640 H
1798 570 2059 664 ugonis
2094 568 2181 641 de
2234 567 2497 641 Welles

686 803 938 871 [Hamon
969 805 1038 857 de
1072 804 1346 864 Stoktone,
1368 804 1582 868 deuon,
1615 805 1913 874 presented
1944 804 2009 873 by
2048 804 2259 857 Gilbert
2275 804 2595 868 Passelewe,
2633 806 2683 857 is
2715 805 3005 858 instituted
3034 810 3087 858 to
3108 806 3200 859 tlte

816 885 1018 939 church
1041 888 1113 955 of
1134 886 1497 949 Wavendone,
1525 885 1662 939 void
1677 886 1743 954 by
1763 886 1857 939 tlte
1877 887 2221 954 reszjgnation
2242 887 2314 952 os
2332 885 2553 939 Gilbert.
2621 886 2849 939 Hamon
2873 887 2924 939 is
2944 887 3205 955 enybined

813 971 867 1019 to
886 967 1048 1034 study
1068 966 1189 1019 and
1205 973 1259 1020 to
1281 967 1477 1020 attend
1493 967 1583 1020 the
1603 966 1852 1035 schools]

858 1086 1712 1150 WAVENDONE.--Hamo
1787 1085 1873 1149 de
1950 1085 2300 1161 Stoktone,
2363 1086 2700 1161 diaconus
2776 1097 3195 1170 presentatus

684 1189 1057 1253 Gilbertum
1109 1191 1477 1253 Passelewe
1523 1190 1608 1252 ad
1659 1190 2009 1253 ecclesiam
2057 1189 2142 1252 de
2187 1190 2643 1266 Wavendone,
2675 1201 3028 1254 vacantem
3077 1212 3197 1273 per

680 1294 1198 1375 resignationem
1231 1293 1531 1374 ejusdem
1582 1293 1883 1369 Gilberti,
1914 1293 2028 1375 qui
2075 1313 2223 1356 eam
2257 1293 2496 1356 ultimo
2528 1295 2759 1371 tenuit,
2791 1293 2968 1357 facta
3013 1295 3196 1377 prius

682 1397 1109 1478 inquisitione
1142 1417 1258 1479 per
1293 1397 1404 1474 M„
1436 1396 2008 1460 Archidiaconum
2045 1396 2778 1480 Bukynghamiensem,
2809 1418 2926 1480 per
2972 1417 3195 1479 quam,

679 1511 822 1577 etc.‚
854 1500 936 1563 ad
984 1500 1268 1564 eandem
1317 1501 1648 1564 admissus
1698 1512 1818 1577 est,
1849 1510 1990 1577 etc.‚
2021 1510 2087 1564 et
2140 1501 2531 1564 mandatum
2579 1513 2682 1566 est
2726 1501 2907 1566 dicto
2956 1501 3195 1565 Archi·

680 1605 963 1668 diacono
995 1613 1086 1680 ut,
1116 1615 1236 1668 etc.
1331 1605 1639 1668 Preterea
1671 1603 2048 1685 injunctum
2080 1615 2183 1668 est
2213 1604 2433 1667 eidem
2473 1604 2768 1668 Hamoni
2802 1605 2929 1668 sub
2961 1605 3193 1670 debito

675 1707 1034 1789 juramenti
1067 1708 1322 1790 prestiti
1356 1707 1535 1790 quod
1569 1707 1874 1772 addiscat
1906 1719 1973 1772 et
2006 1708 2221 1771 scolas
2254 1708 2642 1789 frequentet.

680 1894 904 1963 [Robert
921 1895 988 1948 de
1013 1894 1273 1962 Raleghe,
1301 1895 1638 1953 sub-(teacon,
1664 1896 1715 1947 is
1735 1895 2028 1948 instituted
2045 1900 2098 1947 to
2119 1895 2210 1948 the
2238 1894 2435 1947 church
2459 1895 2533 1963 os
2546 1894 2748 1948 Marsh
2780 1895 2986 1948 Gibbon
3008 1913 3080 1949 on
3106 1898 3197 1951 the

796 1979 1177 2046 presentation
1199 1980 1262 2046 os
1284 1977 1374 2029 the
1395 1976 1574 2030 Abbot
1592 1978 1715 2031 and
1737 1977 1785 2029 C
1778 1982 1991 2030 onvent
2007 1977 2079 2045 os
2096 1978 2360 2037 Grestein‚
2380 1977 2509 2030 who
2530 1977 2649 2030 had
2666 1978 2957 2030 recovered
2982 1979 3075 2032 tlte
3096 1980 3195 2032 ad·

809 2074 1037 2111 vowson
1038 2059 1204 2127 from
1229 2058 1425 2110 Warin
1444 2058 1643 2111 Basset
1654 2059 1776 2111 and
1787 2059 2095 2111 Katherine
2111 2058 2201 2111 Ιιιζς
2213 2060 2362 2127 wife.
2408 2058 2522 2110 The
2538 2058 2742 2125 Kings
2760 2058 3199 2130 letterdirecting·

806 2140 898 2192 tlte
915 2139 1128 2207 Biskop
1143 2145 1197 2192 to
1210 2139 1391 2192 admit
1406 2139 1496 2191 tlte
1508 2139 1729 2192 Abbot's
1751 2141 2004 2192 nominee
2019 2141 2071 2192 is
2085 2140 2296 2203 recited‚
2315 2139 2435 2192 and
2443 2141 2493 2192 is
2506 2139 2675 2193 dated
2685 2158 2718 2206 9
2730 2140 3015 2210 February
3029 2142 3198 2213 1230]

857 2259 1567 2323 MERSE.—Robertus
1613 2258 1699 2322 de
1748 2259 2067 2341 Raleghe‚
2114 2258 2580 2335 subdiaconus,
2614 2268 3031 2341 presentatus
3078 2281 3197 2343 per

683 2362 1022 2426 Abbatem
1084 2372 1153 2425 et
1212 2372 1614 2425 conventum
1677 2362 1762 2425 de
1824 2361 2195 2445 Grestenge
2256 2362 2340 2425 ad
2402 2363 2751 2426 ecclesiam
2807 2363 2892 2426 de
2957 2364 3195 2442 Merse,

678 2467 960 2549 receptis
1005 2466 1240 2529 litteris
1287 2465 1542 2528 domini
1586 2466 1791 2546 Regis
1838 2466 1903 2527 in
1953 2466 2074 2528 hec
2122 2464 2368 2529 verba:
2422 2465 2775 2544 HenricuS‚
2809 2467 2935 2530 Dei
2982 2469 3198 2550 gratia

681 2571 852 2645 Rex,
901 2579 1022 2633 etc.
1118 2569 1460 2651 Episcopo
1525 2555 1994 2645 Lincolniensi‚
2045 2579 2168 2632 etc.
2263 2568 2629 2633 Ostensum
2684 2580 2787 2633 est
2847 2571 3041 2634 nobis
3103 2593 3190 2636 ex

677 2684 865 2756 parte
919 2672 1207 2736 Abbatis
1261 2672 1345 2735 de
1395 2672 1727 2754 Gresteng
1775 2671 1957 2753 quod
2006 2692 2158 2734 cum
2212 2672 2352 2754 ipse
2405 2680 2631 2736 teneat
2682 2675 3052 2738 manerium
3105 2675 3190 2739 de

684 2777 948 2840 Mershe
981 2797 1132 2839 cum
1166 2776 1604 2839 advocatione
1635 2775 1910 2839 ecclesie
1941 2774 2243 2856 ejusdem
2279 2777 2554 2839 manerii
2586 2787 2654 2840 et
2686 2777 2999 2840 omnibus
3036 2779 3186 2841 aliis

679 2881 1095 2964 pertinentiis
1127 2881 1281 2956 suis,
1311 2879 1491 2962 quod
1526 2879 1894 2942 manerium
1930 2878 2243 2942 Warinus
2280 2879 2515 2943 Basset
2545 2890 2612 2944 et
2648 2875 2991 2960 Katerina,
3022 2903 3197 2947 uxor

678 2983 841 3065 ejuS,
888 2985 953 3047 in
1002 2986 1182 3048 curia
1226 2994 1454 3047 nostra
1507 3004 1729 3047 coram
1780 2983 2174 3065 Justiciariis
2225 2985 2467 3048 nostris
2517 2984 2697 3065 apud
2731 2984 3193 3049 Westmonas-

678 3089 916 3152 terium
951 3099 1188 3171 petunt
1234 3109 1460 3152 versus
1506 3087 1793 3151 eundem
1845 3087 2206 3162 Abbatem,
2238 3098 2312 3151 ut
2352 3087 2461 3169 jus
2495 3088 2700 3169 ipsius
2753 3088 3094 3167 Katerine,
3124 3101 3193 3154 et

676 3191 987 3255 clericum
1023 3212 1215 3254 suum
1250 3190 1442 3253 nobis
1475 3191 1954 3273 presentaverit
1986 3190 2070 3253 ad
2103 3190 2388 3253 eandem
2435 3191 2804 3268 ecclesiam,
2835 3211 2967 3273 que
2999 3204 3193 3257 vacat

676 3304 751 3357 ut
781 3294 1039 3370 dicitur,
1072 3294 1247 3357 idem
1282 3293 1595 3356 Warinus
1626 3304 1694 3357 et
1730 3293 2055 3355 Katerina
2102 3293 2411 3356 clericum
2460 3313 2653 3356 suum
2688 3294 2879 3357 nobis
2928 3316 3193 3378 presen-

677 3409 984 3462 taverunt
1016 3397 1099 3461 ad
1132 3397 1415 3461 eandem
1438 3397 1807 3473 ecclesiam,
1827 3396 2084 3460 desicut
2116 3416 2248 3459 non
2283 3408 2438 3460 sunt
2464 3398 2528 3459 in
2562 3398 2805 3460 seisina
2836 3398 2920 3462 de
2951 3400 3189 3463 eodem

675 3502 970 3563 manerio
1004 3522 1125 3563 nec
1157 3501 1242 3563 de
1275 3501 1605 3582 aliquibus
1636 3499 1940 3581 ejusdem
1966 3500 2240 3563 manerii
2267 3502 2684 3582 pertinentiis
2711 3522 2724 3575 ;
2756 3512 2824 3565 et
2856 3514 3193 3584 presenta-

674 3606 925 3669 tionem
961 3604 1238 3687 predicti
1274 3604 1563 3667 Abbatis
1591 3604 1965 3686 impediunt
1986 3605 2156 3667 sicut
2177 3603 2512 3686 predictus
2540 3604 2852 3668 Warinus
2876 3608 3193 3689 cognovit

676 3728 886 3791 nuper
931 3728 1152 3770 coram
1204 3707 1475 3789 prefatis
1521 3707 1915 3789 Justiciariis
1962 3708 2204 3770 nostris
2258 3706 2437 3788 apud
2496 3706 3192 3773 westmonasterium.

677 3812 767 3875 Et
798 3812 955 3893 quia
986 3820 1250 3874 constat
1282 3811 1473 3873 nobis
1504 3809 1687 3892 quod
1720 3810 1999 3892 predicti
2050 3809 2362 3872 Warinus
2392 3818 2461 3872 et
2511 3810 2836 3874 Katerina
2867 3831 3000 3874 non
3034 3825 3191 3878 sunt

680 3917 745 3979 in
779 3916 1020 3978 seisina
1051 3914 1136 3977 de
1168 3914 1467 3997 predicto
1501 3915 1815 3990 maneri0‚
1840 3913 2028 3976 vobis
2061 3912 2460 3983 mandamus
2491 3914 2673 3994 quod
2707 3934 2841 3977 non
2874 3915 3190 3980 obstante

676 4019 1148 4083 reclamatione
1187 4017 1634 4100 predictorum
1685 4017 1941 4079 Warini
1991 4026 2061 4080 et
2109 4017 2430 4081 Katerine
2477 4017 2561 4080 ad
2625 4020 3188 4099 presentationem

675 4123 951 4207 predicti
982 4121 1271 4185 Abbatis
1298 4121 1607 4184 idoneam
1637 4141 1990 4203 personam
2018 4121 2104 4184 ad
2129 4121 2413 4184 eandem
2434 4121 2782 4185 ecclesiam
2799 4122 3188 4188 admittatis.

674 4228 878 4291 Teste
934 4227 998 4292 S.
1045 4226 1130 4289 de
1179 4226 1472 4309 Segrave
1518 4226 1695 4308 apud
1746 4225 2417 4289 Westmonasterium
2466 4246 2646 4288 nono
2691 4226 2801 4290 die
2851 4227 3189 4292 Februarii

675 4352 853 4394 anno
886 4331 1068 4413 regni
1097 4331 1303 4393 nostri
1329 4340 1567 4411 quarto
1592 4330 1857 4393 decimo
1888 4351 1902 4406 ;
1935 4350 2052 4412 per
2070 4350 2217 4411 que,
2248 4339 2389 4406 ete.‚
2421 4329 2506 4392 ad
2540 4330 2824 4393 eandem
2858 4332 3189 4396 admissus

674 4444 794 4512 est,
847 4444 969 4497 ete.
1063 4433 1154 4496 Et
1203 4433 1596 4496 mandatum
1651 4444 1754 4497 est
1820 4433 1929 4509 M„
1985 4432 2481 4496 Archidiacono
2538 4432 3191 4518 Buckinghamiensi‚

676 4547 768 4615 ut,
791 4548 912 4601 etc.

678 4707 902 4777 [Robert
935 4706 1003 4759 de
1037 4705 1432 4774 Beaconsfield.
1466 4706 1740 4773 chaplaim
1773 4723 1845 4759 on
1884 4707 1974 4759 the
2001 4706 2226 4774 sailure
2261 4706 2334 4774 os
2368 4707 2458 4759 tlte
2492 4708 2742 4773 patrous,
2781 4705 2873 4759 the
2918 4706 3086 4760 Nuus
3129 4709 3202 4777 os

816 4789 1048 4856 Gofing,
1075 4794 1129 4841 to
1140 4792 1379 4855 present,
1405 4788 1454 4839 is
1476 4787 1709 4841 collated
1724 4795 1778 4842 to
1800 4788 1891 4842 the
1913 4790 2138 4857 vicarge
2158 4790 2230 4857 os
2240 4788 2481 4842 Stanton
2503 4787 2728 4856 Bar-ty]

854 4901 1720 4966 STANTONE.—Robertus
1751 4901 1837 4964 de
1885 4900 2385 4978 Bekenesfelde,
2417 4900 2820 4983 capellanus,
2852 4901 2957 4963 cui
2995 4901 3189 4984 Epis-

676 5026 882 5088 copus
907 5005 1219 5068 vicariam
1244 5005 1520 5068 ecclesie
1541 5004 1625 5068 de
1653 5006 1983 5071 Stantone
2009 5016 2279 5090 propter
2297 5004 2775 5089 negligentiam
2799 5005 3189 5070 monialium
