3596 5866
1155 549 1516 644 Episcopi
1545 547 2112 619 Lz‘ncolnz‘ensz'5.
2803 567 2934 639 157

426 788 679 850 domini
709 789 915 870 Regis
937 787 1432 850 continentibus
1453 786 1652 868 quod,
1672 807 1824 850 cum
1853 787 1917 848 H
1927 807 2058 868 ugo
2078 787 2163 849 de
2188 786 2471 868 Dingele
2492 787 2937 849 summonitus

425 902 600 955 esset
662 892 841 973 quod
903 901 1079 955 esset
1138 911 1361 953 coram
1428 890 1808 970 justiciariis
1876 890 2055 972 apud
2119 890 2786 953 westmonasterium
2850 889 2934 951 ad

427 995 918 1077 responendum
984 994 1323 1057 Willelmo
1375 993 1461 1056 de
1524 993 1919 1076 Knapwelle
1979 1013 2183 1075 quare
2245 1013 2378 1056 non
2436 993 2733 1075 permisit
2781 1013 2932 1055 eum

429 1109 810 1182 presentare
843 1098 1153 1161 idoneam
1189 1118 1538 1180 personam
1561 1096 1646 1160 ad
1667 1097 2014 1159 ecclesiam
2041 1096 2127 1159 de
2152 1097 2559 1171 Farendone,
2580 1118 2709 1178 que
2730 1107 2937 1171 vacat,

426 1214 570 1280 etc.,
601 1202 777 1266 idem
814 1202 1166 1265 &Villemus
1197 1203 1379 1265 venit
1411 1203 1478 1264 in
1522 1201 1757 1264 eadem
1801 1201 1981 1263 curia
2012 1221 2234 1263 coram
2266 1200 2518 1263 eisdem
2556 1200 2935 1281 justiciariis

423 1317 494 1370 et
524 1307 840 1389 cognovit
874 1306 1092 1369 eidem
1141 1306 1414 1386 Hugoni
1456 1305 1761 1367 ultimam
1808 1305 2388 1386 presentationem,
2419 1314 2486 1367 et
2524 1306 2583 1367 ei
2624 1306 2933 1368 seisinam

424 1430 617 1473 suam
649 1410 995 1486 concessit,
1026 1409 1212 1471 salvo
1244 1409 1368 1471 sibi
1412 1407 1557 1488 jure
1598 1429 1720 1470 suo
1753 1408 1818 1469 in
1863 1418 2201 1489 posterum
2252 1408 2303 1467 si
2354 1407 2509 1470 inde
2549 1407 2727 1488 loqui
2762 1409 2937 1480 velit,

422 1535 543 1596 per
573 1534 719 1595 que,
751 1523 891 1589 etc.,
910 1512 996 1575 ad
1029 1512 1311 1575 eandem
1335 1511 1664 1574 admissus
1695 1521 1815 1586 est,
1845 1521 1966 1574 ete.
2062 1511 2150 1573 Et
2185 1509 2554 1590 injunctum
2587 1522 2689 1574 est
2719 1511 2935 1574 eidem

423 1616 713 1681 officiali
763 1617 1050 1698 presenti
1106 1626 1197 1691 ut,
1227 1627 1349 1679 etc.
1447 1615 1829 1696 Injunctum
1881 1625 1983 1677 est
2034 1615 2236 1677 etiam
2287 1613 2505 1677 eidem
2556 1616 2814 1678 Simoni
2865 1625 2937 1677 ut

419 1721 637 1782 scolas
669 1720 1043 1801 frequentet
1073 1730 1139 1782 et
1172 1719 1478 1781 addiscat
1516 1718 1642 1780 sub
1676 1738 1852 1800 pena
1884 1717 2183 1781 beneficii
2220 1718 2570 1781 amittendi
2604 1729 2673 1782 et
2705 1718 2937 1782 debito

419 1824 799 1905 juramenti.

441 2147 727 2213 [William
751 2147 820 2200 de
842 2146 1159 2215 Bedeforde.
1175 2145 1469 2214 presented
1484 2146 1550 2212 by
1571 2145 1661 2197 tlte
1695 2145 1869 2196 Prior
1901 2145 2023 2197 and
2055 2145 2306 2197 Convent
2322 2146 2394 2212 of
2405 2145 2769 2208 Kenilwortle,
2794 2149 2945 2215 aster

554 2246 590 2281 a
611 2229 831 2297 despute
845 2228 1013 2281 about
1030 2229 1120 2281 tlte
1131 2232 1463 2296 patronage,
1481 2229 1530 2278 is
1551 2227 1841 2279 instituted
1858 2232 1913 2279 to
1934 2226 2023 2278 tlte
2045 2226 2247 2279 churclt
2261 2228 2330 2293 os
2342 2227 2560 2279 Barton
2585 2227 2921 2295 Scagravcj

603 2372 1456 2436 BARTONE.—VVillelmus
1500 2369 1586 2433 de
1636 2370 2008 2433 Bedeforde
2040 2369 2311 2452 [blank],
2359 2381 2776 2452 presentatus
2825 2395 2939 2455 per

426 2478 721 2539 Priorem
762 2487 830 2539 et
876 2484 1278 2539 conventum
1327 2475 1412 2538 de
1448 2474 1970 2537 Kenilleworthe
2009 2474 2094 2536 ad
2128 2474 2474 2537 ecclesiam
2508 2475 2593 2538 de
2634 2476 2938 2552 Bartone,

424 2581 602 2644 sacta
633 2581 814 2663 prius
847 2580 1275 2662 inquisitione
1319 2600 1438 2661 per
1471 2579 1556 2655 S„
1578 2578 1953 2641 Officialem
1981 2578 2533 2661 Norhamptonie‚
2570 2590 2638 2642 et
2660 2582 2940 2663 receptis

424 2686 659 2748 litteris
704 2684 958 2747 domini
1010 2684 1219 2765 Regis
1264 2681 1761 2746 continentibus
1809 2681 2008 2763 quod,
2040 2702 2191 2743 cum
2244 2681 2593 2759 HenricuS,
2627 2684 2811 2746 Prior
2855 2686 2939 2749 de

429 2789 941 2866 Kenillewurde,
975 2789 1393 2850 arramiasset
1433 2789 1710 2849 assisam
1746 2786 1979 2849 ultime
2013 2787 2523 2869 presentationis
2547 2788 2633 2851 de
2662 2790 2939 2852 ecclesia

427 2894 513 2958 de
550 2895 840 2958 Bartone
873 2915 1099 2958 versus
1149 2892 1511 2957 Ricardum
1554 2892 1638 2956 de
1690 2891 1967 2956 Hanred
2018 2893 2083 2954 in
2130 2894 2311 2955 curia
2356 2892 2654 2974 ejusdem
2688 2894 2938 2958 domini

423 3019 647 3062 coram
677 2998 1060 3079 justiciariis
1092 2998 1271 3081 apud
1296 2998 1356 3060 N
1364 2998 1772 3079 otinghame,
1798 2998 1975 3060 idem
2014 2997 2343 3059 Ricardus
2376 2999 2440 3060 in
2477 2998 2729 3080 prefata
2760 3001 2940 3062 curia

423 3123 647 3165 coram
680 3102 931 3165 eisdem
961 3101 1341 3182 justiciariis
1375 3102 1762 3182 recognovit
1794 3100 2302 3163 advocationem
2334 3100 2631 3181 ejusdem
2666 3103 2942 3166 ecclesie

426 3227 570 3269 esse
614 3205 722 3286 jus
773 3205 1051 3288 predicti
1098 3206 1338 3268 Prioris
1383 3214 1450 3268 et
1498 3204 1774 3267 ecclesie
1829 3225 1946 3266 sue
1991 3205 2075 3268 de
2126 3204 2633 3281 Kenillewurde,
2678 3216 2746 3269 et
2789 3227 2937 3269 eam

426 3311 721 3391 quietam
754 3310 1066 3372 clamavit
1100 3330 1219 3390 pro
1250 3330 1321 3371 se
1351 3319 1419 3371 et
1450 3307 1803 3371 heredibus
1834 3309 1969 3370 suis
2002 3308 2300 3390 predicto
2335 3310 2537 3371 Priori
2571 3320 2637 3373 et
2669 3311 2942 3374 ecclesie

427 3412 513 3476 de
548 3413 1040 3476 Kenillewurde
1088 3414 1153 3476 in
1197 3423 1610 3495 perpetuum,
1647 3433 1763 3494 per
1810 3432 1957 3494 que,
1989 3421 2130 3488 ete„
2163 3412 2246 3474 ad
2287 3411 2569 3475 eandem
2610 3412 2939 3475 admissus

426 3527 545 3591 est,
576 3528 697 3580 etc.
793 3517 883 3579 ,Et
931 3516 1303 3596 injunctum
1346 3527 1448 3579 est
1496 3516 1783 3579 officiali
1836 3515 2134 3597 predicto
2174 3517 2459 3597 presenti
2510 3527 2598 3592 ut,
2637 3527 2757 3579 etc,
2852 3517 2940 3580 Et

428 3620 799 3683 notandum
834 3620 1013 3702 quod
1059 3621 1381 3701 Magister
1412 3619 1515 3682 W.
1548 3620 1633 3682 de
1677 3619 1898 3692 Katil’,
1936 3621 2113 3700 prius
2153 3619 2236 3681 ad
2278 3620 2558 3682 eandem
2593 3622 2938 3684 ecclesiam

430 3733 867 3807 presentatuS,
895 3722 1022 3803 juri
1056 3744 1177 3785 suo
1211 3724 1626 3787 renuntiavit.

429 4143 618 4211 [Peter
635 4142 841 4209 Lupus,
865 4141 1204 4201 sub-deacon,
1236 4141 1533 4207 presented
1561 4140 1627 4208 by
1664 4140 1864 4193 Robert
1900 4141 2107 4207 Lupus,
2144 4142 2194 4192 is
2228 4141 2519 4194 instituted
2535 4148 2589 4194 to
2610 4142 2701 4194 the
2716 4146 2939 4209 portion

557 4226 618 4276 in
639 4224 732 4275 tlte
754 4223 954 4275 clzurclz
978 4224 1050 4291 os
1062 4223 1249 4275 Roade
1270 4222 1453 4275 wln‘clt
1479 4223 1678 4274 Robert
1698 4222 1765 4275 de
1787 4223 2013 4275 Neville
2036 4222 2155 4273 lead
2172 4222 2343 4288 held]

606 4368 1166 4431 RODE.—Petrus
1202 4368 1448 4449 LupuS,
1481 4366 1944 4442 subdiaconus,
1971 4376 2387 4449 presentatus
2422 4388 2537 4449 per
2569 4368 2937 4431 Robertum

434 4474 701 4556 Lupum
735 4474 818 4536 ad
855 4474 1033 4536 illam
1068 4474 1442 4554 portionem
1479 4474 1545 4534 in
1577 4473 1856 4535 ecclesia
1886 4472 1972 4535 de
2006 4471 2199 4535 Rode
2230 4493 2360 4553 que
2391 4472 2513 4536 fuit
2547 4474 2822 4536 Roberti
2856 4474 2940 4536 de

434 4577 710 4652 Neville,
743 4576 915 4639 facta
965 4578 1142 4658 prius
1191 4577 1618 4656 inquisitione
1666 4597 1787 4658 per
1835 4576 1919 4649 S„
1967 4575 2340 4639 Officialem
2394 4576 2944 4658 Norhamptonie‚

433 4702 549 4763 per
595 4701 817 4762 quam,
864 4690 1004 4755 ete„
1057 4680 1143 4742 ad
1190 4679 1474 4742 eandem
1532 4679 1864 4742 admissus
1913 4688 2032 4754 est,
2080 4689 2201 4741 etc.
2298 4680 2386 4741 Et
2434 4678 2802 4759 injunctum
2841 4692 2941 4742 est

432 4784 650 4847 eidem
686 4783 974 4847 officiali
1010 4784 1299 4865 presenti
1350 4793 1440 4858 ut,
1477 4793 1599 4845 etc.
1697 4783 2079 4864 Injunctum
2113 4793 2214 4845 est
2259 4783 2460 4845 etiam
2494 4784 2711 4846 eidem
2751 4785 2947 4847 Petro

432 4888 611 4969 quod
647 4887 861 4950 scolas
910 4887 1286 4969 frequentet
1324 4897 1389 4950 et
1438 4886 1780 4961 addiscat;
1829 4898 1896 4950 et
1944 4888 2009 4948 in
2058 4887 2189 4950 fine
2230 4888 2385 4949 anni
2436 4889 2655 4951 veniat
2686 4889 2942 4951 exami-

437 4992 713 5054 naudus,
