3596 5866
723 554 758 601 2
771 533 861 623 38
1308 589 1312 593 .
1405 530 1678 602 Rotulz'
1722 531 1823 602 H
1818 531 2075 627 ugonis
2127 531 2212 602 de
2284 531 2546 603 Welles

714 764 789 834 [A
816 766 1124 818 relaxation
1146 766 1216 834 of
1227 766 1462 818 thirteen
1485 766 1624 834 days
1654 766 1726 833 os
1745 769 1993 833 penancc
2025 771 2079 819 to
2116 766 2268 819 those
2290 766 2420 818 who
2434 767 2574 833 give
2596 768 2741 819 alms
2764 772 2818 819 to
2843 767 3227 835 Rockingham

844 846 1039 914 bridge
1051 863 1077 908 ‚·
1099 847 1247 913 Sept.
1270 865 1344 908 ιο,
1374 865 1436 898 12
1430 850 1544 914 ja]

890 958 1224 1023 Omnibus
1272 970 1394 1022 ete.
1490 960 1594 1022 De
1652 960 1779 1023 Dei
1837 960 2285 1023 misericordia
2337 959 2589 1035 confisi,
2643 960 2954 1023 omnibus
3005 970 3228 1022 nostre

711 1064 994 1127 diocesis
1054 1074 1121 1126 et
1181 1064 1343 1139 aliis,
1403 1084 1684 1145 quorum
1747 1063 2086 1127 diocesani
2148 1065 2320 1127 hanc
2384 1075 2679 1127 nostram
2744 1065 3223 1127 relaxationem

712 1177 923 1230 ratam
971 1165 1340 1243 habuerint,
1386 1166 1471 1229 ad
1519 1169 2083 1231 constructionem
2134 1179 2201 1232 et
2251 1169 2825 1232 conservationem
2869 1171 3095 1251 pontis
3142 1167 3226 1231 de

715 1270 1221 1354 Rockingeham
1276 1272 1362 1333 de
1416 1272 1608 1334 bonis
1662 1272 1787 1334 sibi
1828 1294 1868 1335 a
1910 1272 2058 1335 Deo
2098 1272 2355 1335 collatis
2397 1272 2647 1354 aliquid
2689 1274 3032 1336 caritative
3073 1293 3226 1336 con-

711 1374 1090 1452 ferentibus,
1139 1375 1252 1457 qui
1314 1376 1597 1439 confessi
1663 1376 1903 1439 fuerint
1965 1388 2030 1440 et
2092 1398 2243 1440 vere
2308 1377 2700 1458 penitenteS,
2761 1377 2878 1438 xiii
2941 1376 3085 1440 dies
3144 1377 3223 1440 de

711 1478 1010 1560 injuncta
1048 1477 1171 1541 sibi
1216 1480 1583 1563 penitentia
1624 1481 2023 1556 relaxamuS,
2055 1480 2501 1543 concedentes
2543 1480 2713 1542 hanc
2755 1490 2979 1544 nostre
3010 1481 3226 1545 relax-

708 1583 951 1645 ationis
996 1582 1278 1666 gratiam
1331 1604 1446 1665 per
1493 1585 1851 1647 triennium
1893 1583 2297 1646 duraturam.
2396 1583 2834 1646 Prohibemus
2873 1594 3100 1648 tamen
3143 1605 3225 1647 ne

706 1706 858 1748 cum
893 1685 1016 1748 hiis
1049 1686 1283 1749 litteris
1317 1689 1558 1750 nostris
1588 1699 1784 1751 extra
1818 1686 2232 1769 parrochiam
2275 1687 2360 1749 de
2406 1687 2914 1770 Rockingeham
2951 1690 3224 1751 nuntius

705 1800 815 1853 eat
855 1789 956 1853 vel
999 1790 1374 1872 predicator
1416 1791 1654 1872 aliquis
1694 1791 1779 1854 ad
1822 1790 2035 1854 dictas
2075 1791 2476 1854 elemosinas
2523 1791 2946 1873 colligendas,
3046 1791 3219 1854 Date

706 1914 824 1975 per
855 1914 1127 1957 manum
1164 1895 1241 1957 R.
1268 1895 1352 1958 de
1380 1895 1789 1971 Warraville,
1814 1896 2114 1957 canonici
2146 1895 2648 1971 LincolniensiS,
2673 1895 2852 1977 apud
2882 1895 3223 1971 Grettone,

703 2007 942 2080 quarto
974 1997 1122 2061 idus
1156 1998 1572 2081 Septembris
1606 1998 2035 2081 pontificatus
2068 1999 2273 2063 nostri
2301 2019 2480 2062 anno
2515 2001 2655 2061 xxi.

879 2257 1013 2340 [On
1047 2259 1316 2339 theface
1340 2260 1476 2342 :—]
1693 2348 1972 2412 ANNUS
2022 2361 2181 2410 ΠΗ

704 2470 852 2542 [The
883 2472 1194 2525 institution
1226 2472 1298 2540 of
1323 2472 1520 2541 Henty
1552 2474 1619 2526 de
1655 2473 1835 2527 Rand'
1857 2481 1911 2527 to
1945 2474 2036 2527 tlte
2068 2474 2269 2526 churclz
2304 2474 2375 2542 of
2397 2472 2706 2541 Hatgravc
2721 2491 2748 2535 ,·
2779 2472 2932 2525 Mar.
2956 2492 3037 2540 ²9·
3058 2491 3182 2539 1231
3197 2490 3224 2534 ,-

830 2569 916 2607 see
933 2557 990 2622 p.
1018 2557 1156 2621 151.]

882 2666 1805 2733 HAREGRAVE.—Omnibus
1868 2669 2112 2732 Christi
2177 2667 2480 2731 fidelibus
2541 2667 2627 2730 ad
2705 2688 2873 2749 quos
2950 2688 3219 2751 presens

703 2775 1021 2857 scriptum
1101 2772 1474 2855 pervenerit
1556 2772 1762 2854 Hugo
1842 2773 1968 2835 Dei
2044 2774 2259 2855 gratia
2322 2773 2808 2835 Lincolniensis
2868 2773 3219 2854 episcopus

703 2879 985 2942 salutem
1036 2878 1102 2940 in
1153 2876 1464 2939 Domino,
1561 2876 1839 2941 Noverit
1887 2877 2281 2940 universitas
2329 2885 2547 2939 vestra
2593 2896 2715 2939 nos
2756 2875 2839 2938 ad
2884 2884 3218 2958 presenta-

703 2984 950 3046 tionem
1012 2979 1281 3044 Ricardi
1336 2980 1422 3043 de
1480 2980 1869 3064 Deseburge
1921 2981 2186 3057 factam,
2236 2981 2496 3045 ratione
2556 2980 2858 3043 custodie
2918 2990 3091 3043 terre
3152 2992 3217 3043 et

703 3088 964 3150 heredis
998 3085 1261 3149 Amicie
1293 3085 1378 3147 de
1411 3085 1762 3149 Costentin
1803 3087 2143 3167 quondam
2186 3087 2416 3148 uxoris
2457 3085 2664 3167 ipsius
2708 3083 2974 3147 Ricardi
3016 3104 3214 3166 quarn

701 3192 921 3269 habet,
953 3190 1272 3254 dilectum
1308 3190 1372 3251 in
1407 3188 1675 3253 Christo
1709 3189 1914 3253 filium
1963 3191 2329 3253 Heni-icum
2373 3190 2458 3253 de
2505 3188 2740 3264 Rand',
2771 3188 3102 3266 clericum,
3133 3187 3214 3251 ad

701 3294 1050 3358 ecclesiam
1100 3293 1186 3355 de
1240 3292 1628 3375 Haregrave
1668 3293 2019 3357 admisisse
2059 3296 2413 3377 ipsumque
2462 3294 2527 3356 in
2583 3313 2663 3355 ea
2712 3293 3035 3356 canonice
3075 3312 3216 3374 per-

701 3419 935 3461 sonam
985 3398 1366 3472 instituisse,
1397 3397 1597 3460 salvis
1638 3399 1701 3459 in
1744 3399 2056 3461 omnibus
2095 3398 2587 3480 episcopalibus
2626 3395 3219 3460 consuetudinibus

700 3512 767 3565 et
819 3501 1305 3565 Lincolniensis
1347 3501 1622 3564 ecclesie
1661 3499 2006 3583 dignitate.
2101 3500 2301 3583 Quod
2351 3510 2423 3563 ut
2472 3510 2863 3582 perpetuam
2911 3501 3216 3581 optineat

700 3605 1084 3669 firmitatem
1120 3605 1407 3686 presenti
1443 3605 1691 3686 scripto
1723 3605 2014 3686 sigillum
2049 3615 2349 3667 nostrum
2376 3605 2697 3667 duximus
2724 3602 3217 3687 apponendum,

703 3709 828 3772 hiis
876 3708 1176 3784 testibus,
1211 3708 1552 3789 Magistris
1586 3707 1688 3770 W.
1729 3707 1815 3770 de
1861 3708 2390 3789 Beningworthe,
2425 3708 2789 3771 Amaurico
2828 3706 2914 3770 de
2956 3707 3214 3789 Bugge·

700 3812 892 3887 dene,
953 3822 1020 3874 et
1073 3810 1363 3873 Ricardo
1424 3811 1508 3873 de
1571 3811 1972 3888 Wendoure,
2035 3812 2374 3874 Willelmo
2433 3811 2518 3874 de
2577 3811 3106 3874 &Vinchecumbe
3152 3821 3218 3874 et

703 3915 827 3978 Th.
870 3914 955 3977 de
1006 3913 1308 3997 Askeby,
1349 3916 1684 3978 canonicis
1729 3915 2325 3991 LincolniensibuS,
2370 3916 2670 3978 Roberto
2719 3914 2804 3977 de
2845 3914 3220 3989 Bolesoure,

704 4019 1069 4101 capellan0,
1134 4019 1475 4101 Magistris
1553 4019 1855 4082 Waltero
1928 4020 2013 4081 de
2091 4019 2585 4094 Wermenistre,
2659 4029 2727 4081 et
2804 4018 3062 4081 Alardo
3135 4017 3217 4081 de

705 4121 1071 4198 Arundell’,
1112 4122 1421 4204 Johanne
1459 4122 1543 4184 de
1585 4122 1862 4198 Crakel',
1900 4122 2209 4204 Johanne
2248 4121 2332 4185 de
2376 4122 2616 4203 BurgO,
2660 4121 2736 4185 G.
2778 4121 2863 4184 de
2906 4122 3114 4184 Moris
3152 4132 3219 4185 et

705 4226 1053 4309 Stephano
1101 4225 1188 4289 de
1237 4225 1548 4301 Caste110‚
1598 4226 1866 4289 clericis,
1963 4227 2141 4289 Data
2195 4246 2313 4309 per
2362 4247 2634 4289 manum
2687 4237 2983 4290 nostram
3039 4225 3215 4308 apud

705 4330 1092 4412 Tinghurst,
1116 4341 1357 4412 quarto
1393 4329 1711 4393 kalendas
1735 4330 1987 4412 Aprilis
2016 4330 2444 4413 pontificatus
2470 4330 2674 4393 nostri
2701 4350 2880 4393 anno
2905 4331 3219 4392 vicesimo

704 4434 1015 4498 secund0.

701 4690 845 4755 [Tlee
866 4692 1177 4745 institution
1200 4695 1273 4761 of
1283 4693 1484 4745 Robert
1504 4691 1813 4744 Passelewe
1833 4697 1886 4744 to
1910 4692 2000 4744 the
2017 4692 2218 4745 churclz
2237 4693 2309 4759 of
2327 4692 2374 4743 C
2369 4691 2543 4744 burch
2564 4690 2875 4758 Brampton
2889 4707 2916 4752 ,·
2948 4690 3002 4743 A
3000 4692 3126 4758 pril
3141 4708 3219 4755 13,

835 4789 1004 4839 1231‚·
1034 4789 1119 4826 see
1130 4777 1194 4841 p.
1220 4775 1358 4840 154]

880 4885 1801 4950 BRAMPTONE.—-Omnibus
1846 4896 1967 4950 etc.
2065 4887 2341 4949 Noverit
2391 4887 2783 4949 universitas
2829 4893 3049 4948 vestra
3096 4904 3216 4947 nos

699 4988 783 5052 ad
848 4991 1410 5071 presentationem
1466 4991 1728 5053 Thome
1781 4993 1986 5066 Picot,
2034 4992 2294 5073 patroni
2342 4990 2618 5054 ecclesie
2663 4989 2749 5052 de
2798 4989 3211 5069 Bramptone
