3596 5866
1061 583 1419 680 Episcopi
1446 584 1513 656 L
1525 584 1763 656 z'ncoln
1771 584 2010 655 z'ensz'S.
2026 610 2047 619 “
2685 608 2719 656 2
2734 606 2770 677 5
2784 607 2820 677 5

305 823 629 887 Laterani
683 825 821 887 xvii
876 824 1197 888 kalendas
1250 825 1501 907 Aprilis
1553 824 1981 907 pontificatus
2032 824 2238 887 nostri
2294 844 2472 886 anno
2532 824 2826 905 quart0.”

307 927 535 1010 Hujus
590 929 789 1011 igitur
837 929 1233 991 auctoritate
1290 928 1588 991 mandati
1640 948 1761 990 nos
1801 928 1887 991 ad
1929 928 2388 991 testimonium
2430 928 2824 991 venerabilis

302 1030 525 1094 fratris
581 1031 665 1095 H.
723 1032 1033 1113 Elyensis
1081 1032 1399 1114 episcopi,
1456 1031 1732 1095 Walteri
1783 1031 2175 1094 thesaurarii
2228 1030 2715 1094 Lincolniensis
2759 1041 2827 1094 et

300 1134 633 1216 Johannis
693 1146 853 1198 tunc
913 1135 1359 1198 archidiaconi
1414 1134 1810 1199 Bedefordie
1863 1146 1930 1198 et
1986 1135 2266 1197 aliorum
2319 1133 2828 1216 fidedignorum,

303 1238 676 1301 secundum
718 1248 1016 1302 tenorem
1070 1237 1368 1301 mandati
1410 1238 1778 1321 apostolici,
1820 1259 1970 1301 cum
2013 1237 2194 1301 dicto
2247 1237 2574 1318 Magistro
2616 1236 2827 1300 Alex-

301 1342 519 1405 andro
548 1342 634 1407 de
664 1344 954 1406 virorum
990 1343 1393 1425 prudentum
1428 1341 1706 1404 consilio
1737 1342 2287 1424 dispensavimus
2372 1342 2449 1404 ln
2482 1340 2671 1421 cujus
2702 1352 2825 1405 etc.

307 1447 464 1510 Dat‘
498 1447 677 1529 apud
715 1446 1123 1530 Buggedene
1165 1468 1281 1529 per
1322 1466 1593 1509 manum
1641 1445 1908 1509 Radulfi
1953 1446 2037 1509 de
2079 1445 2487 1523 Warraville,
2526 1447 2826 1509 canonici

310 1550 817 1627 LincolniensiS,
842 1562 1040 1615 sexto
1065 1550 1387 1613 kalendas
1417 1551 1715 1633 Januarii
1751 1549 2179 1632 pontificatus
2204 1550 2410 1612 nostri
2433 1570 2611 1611 anno
2635 1550 2825 1613 xxiii.

304 1919 450 1987 [The
483 1920 695 1988 Bishop
728 1920 990 1988 confirms
1021 1936 1057 1970 a
1083 1925 1268 1986 grant
1296 1921 1367 1987 os
1388 1937 1425 1971 a
1461 1921 1695 1987 chantry
1732 1922 1792 1971 in
1832 1917 2169 1977 Polebrooke,
2198 1918 2360 1970 made
2393 1926 2448 1970 to
2482 1918 2632 1985 Rals
2642 1934 2741 1971 son
2766 1920 2838 1987 os

435 2001 723 2069 Reginald
738 2001 862 2054 and
877 2002 968 2054 his
989 2001 1138 2083 heim·
1158 2002 1224 2065 by
1248 2001 1447 2055 Robert
1465 2002 1518 2055 le
1539 2002 1599 2054 F
1594 2003 1827 2069 lemeng,
1834 2005 2044 2069 patron
2062 1999 2183 2052 and
2190 2004 2405 2068 parson
2429 2002 2501 2069 of
2514 2002 2605 2083 ¹²³?
2626 2001 2827 2053 churclz

433 2085 504 2151 of
518 2083 848 2137 Polebrooke
859 2101 888 2145 ,·
907 2084 1046 2150 Jan.
1064 2099 1116 2146 5,
1148 2086 1320 2150 1232]

483 2220 831 2283 Universis
871 2230 1101 2283 sancte
1141 2220 1372 2283 matris
1412 2220 1686 2283 ecclesie
1730 2218 1881 2281 filiis
1921 2239 2191 2301 presens
2231 2218 2549 2300 scriptum
2591 2218 2827 2281 visuris
2860 2233 2864 2237 ·

302 2324 403 2386 vel
441 2323 765 2386 audituris
810 2322 1016 2406 Hugo
1060 2324 1186 2387 Dei
1227 2324 1444 2406 gratia
1487 2323 1973 2386 Lincolniensis
2016 2324 2392 2405 Episcopus
2433 2322 2715 2385 salutem
2760 2325 2824 2385 in

287 2427 620 2489 ‘Domino
733 2427 1162 2508 Inspeximus
1222 2436 1473 2489 cartam
1537 2427 1760 2490 dilecti
1826 2425 1958 2503 filii,
2023 2426 2297 2489 Roberti
2361 2425 2423 2488 le
2485 2426 2826 2509 Flemeng,

303 2531 567 2614 patroni
646 2540 713 2593 et
791 2550 1073 2612 persone
1119 2530 1231 2593 >de
1310 2530 1653 2594 Pokebroc
1717 2531 1843 2592 sub
1904 2530 2026 2593 hac
2090 2530 2303 2592 forma
2326 2536 2462 2593 :—“
2491 2529 2824 2593 Omnibus

304 2634 550 2699 Christi
604 2633 910 2697 fidelibus
960 2634 1043 2697 ad
1102 2655 1270 2716 quos
1326 2656 1598 2718 presens
1658 2636 1978 2717 scriptum
2043 2634 2432 2717 pervenerit,
2490 2634 2824 2698 Robertus

302 2741 362 2802 le
407 2740 462 2801 F
467 2739 734 2822 lemeng
781 2750 1100 2821 patronus
1146 2750 1214 2803 et
1256 2761 1540 2823 persona
1579 2740 1664 2803 de
1707 2739 2050 2803 Pokebroc
2091 2739 2372 2803 salutem
2422 2739 2488 2801 in
2528 2738 2821 2803 domino,

305 2843 644 2907 Noveritis
708 2864 834 2919 me,
895 2855 1221 2924 quantum
1285 2844 1368 2906 ad
1435 2855 1790 2927 patronum
1854 2855 1921 2907 et
1984 2864 2337 2926 personam
2399 2842 2676 2906 ecclesie
2737 2842 2824 2906 de

305 2947 650 3011 Pokebroc
685 2948 990 3030 pertinet,
1022 2949 1428 3011 concessisse
1460 2962 1527 3011 et
1558 2959 1885 3030 quantum
1930 2948 1993 3010 in
2036 2968 2142 3010 me
2182 2958 2285 3011 est
2317 2948 2607 3029 presenti
2641 2958 2822 3010 carta

303 3073 452 3114 mea
495 3051 927 3115 confirmasse
968 3073 1088 3135 pro
1130 3073 1237 3115 me
1277 3063 1343 3115 et
1383 3051 1738 3116 heredibus
1785 3063 1852 3115 et
1900 3051 2386 3115 successoribus
2436 3036 2600 3115 meis
2640 3052 2819 3134 quod

301 3156 585 3218 dilectus
619 3154 820 3217 michi
854 3154 920 3218 in
956 3155 1223 3219 Christo
1260 3156 1587 3219 Radulfus
1620 3155 1791 3218 filius
1829 3154 2184 3238 Reginaldi
2218 3155 2461 3219 habeat
2493 3155 2817 3237 capellam

298 3270 364 3322 et
397 3259 766 3322 cantariam
809 3259 873 3321 in
915 3258 1152 3322 eadem
1199 3261 1263 3321 in
1305 3260 1485 3322 curia
1523 3281 1643 3322 sua
1682 3259 1767 3323 de
1813 3259 2153 3321 Pokebroc
2195 3259 2318 3321 sibi
2359 3269 2426 3322 et
2466 3258 2821 3322 heredibus

298 3375 365 3426 et
420 3362 914 3425 successoribus
970 3363 1175 3445 ipsius
1232 3362 1498 3426 Radulfi
1562 3373 1629 3425 et
1691 3361 2065 3444 hospitibus
2126 3363 2261 3424 suis
2314 3383 2391 3425 ac
2453 3362 2819 3425 domestice

300 3465 552 3527 familie
611 3485 748 3541 sue,
809 3476 1071 3529 servata
1133 3476 1358 3529 tamen
1428 3467 1493 3529 in
1569 3461 1883 3528 orr'mibus
1960 3464 2447 3547 indempnitate
2527 3466 2817 3529 matricis

296 3568 574 3632 ecclesie
616 3589 763 3632 mee
804 3568 1099 3651 predicte
1147 3580 1284 3632 tam
1334 3571 1398 3631 in
1448 3569 1898 3633 oblationibus
1936 3579 2003 3632 et
2044 3569 2558 3633 obventionibus
2604 3571 2815 3633 omni-

298 3672 520 3734 modis
574 3692 775 3753 quam
829 3673 895 3735 in
951 3673 1229 3736 decimis
1286 3673 1649 3755 majoribus
1709 3682 1777 3735 et
1835 3673 2199 3736 minoribus
2258 3673 2475 3735 eidem
2538 3672 2816 3736 ecclesie

297 3777 558 3840 matrici
606 3777 1064 3858 persolvendis
1113 3777 1177 3839 in
1229 3786 1668 3859 perpetuum;
1715 3778 1808 3839 ita
1861 3776 2132 3859 quidem
2181 3776 2361 3857 quod
2410 3787 2547 3840 tam
2595 3777 2813 3842 dictus

300 3879 650 3956 Radulfus,
683 3879 962 3944 heredes
992 3890 1060 3944 et
1093 3901 1505 3943 successores
1537 3882 1655 3954 sui,
1687 3901 1889 3963 quam
1924 3880 2355 3962 cappellanus
2387 3880 2498 3963 qui
2534 3882 2810 3964 sumpti-

295 3986 420 4047 bus
475 3985 768 4067 ipsorum
824 3985 887 4046 in
941 3985 1122 4048 dicta
1177 3985 1433 4068 capella
1483 4007 1601 4068 pro
1647 3996 1949 4067 tempore
2000 3985 2400 4048 ministrabit
2448 3996 2808 4067 antequam

294 4089 381 4150 ab
432 4087 902 4152 archidiacono
953 4089 1077 4151 loci
1133 4089 1545 4165 admittatur,
1594 4088 1914 4169 jurabunt
1968 4108 2189 4150 coram
2241 4108 2322 4150 eo
2373 4088 2553 4168 quod
2611 4088 2808 4151 nichil

295 4189 751 4273 impetrabunt
799 4191 864 4253 in
917 4191 1356 4273 prejudicium
1401 4191 1564 4272 juris
1620 4192 1912 4254 matricis
1961 4191 2237 4254 ecclesie
2282 4191 2660 4272 supradicte
2706 4193 2806 4254 vel

293 4295 657 4357 vicinarum
722 4295 1151 4358 ecclesiarum
1215 4297 1564 4358 occasione
1625 4294 1804 4358 dicte
1880 4294 2133 4376 capelle
2201 4304 2267 4356 et
2329 4296 2622 4358 cantarie
2684 4296 2805 4358 sibi

292 4418 607 4460 concesse
669 4398 735 4459 in
797 4398 1053 4475 eadem,
1105 4420 1227 4462 nec
1291 4400 1626 4481 impetrari
1691 4397 2138 4480 procurabunt
2193 4409 2308 4460 aut
2357 4409 2682 4479 quantum
2741 4401 2804 4463 in

293 4502 452 4582 ipsis
527 4510 629 4563 est
705 4502 1130 4565 sustinebunt
1207 4503 1556 4585 procurari.
1683 4502 1771 4564 Et
1833 4502 1886 4562 si
1949 4511 2180 4563 contra
2252 4500 2551 4582 predicta
2611 4501 2805 4565 fuerit

292 4606 690 4687 impetratiO,
741 4614 889 4668 non
941 4617 1209 4670 utentur
1270 4607 1657 4688 impetratis
1774 4605 2031 4668 Omnes
2092 4625 2357 4686 quoque
2412 4604 2687 4668 heredes
2737 4618 2804 4671 et

291 4729 703 4772 successores
743 4708 951 4790 ipsius
994 4710 1280 4786 Radulfi,
1313 4731 1464 4774 cum
1509 4710 1837 4792 legittime
1871 4707 2111 4771 fuerint
2148 4708 2361 4782 etatis
2392 4719 2459 4770 et
2492 4709 2802 4773 custodes

288 4833 517 4875 eorum
570 4833 723 4874 cum
776 4812 945 4875 infra
994 4824 1243 4877 etatem
1297 4814 1556 4888 fuerint,
1601 4813 1885 4874 similem
1944 4811 2335 4894 prestabunt
2374 4813 2797 4876 securitatem

290 4913 354 4976 in
406 4915 598 4977 initio
652 4935 769 4978 sue
825 4917 1283 4999 possessionis,
1399 4916 1801 4998 Capellanus
1857 4915 2125 4997 insuper
2180 4914 2429 4995 jurabit
2483 4916 2799 4997 inspectis

289 5019 730 5082 sacrosanctis
775 5020 958 5101 quod
1006 5020 1261 5082 nullum
1315 5019 1787 5099 parochianum
1841 5017 2134 5100 predicte
2183 5020 2474 5081 matricis
2519 5020 2797 5084 ecclesie
