3596 5866
1135 526 1490 622 Episcopi
1538 524 2102 599 Lz'ncolnz'ensz's.
2737 546 2772 596 2
2785 547 2875 618 33

538 762 674 847 [On
706 764 812 827 the
839 765 1024 828 dorse
1045 764 1183 847 .·—]

358 872 432 940 [Α
457 872 779 935 relaxation,
804 888 869 924 as
889 874 950 924 in
974 872 1065 925 tlte
1074 888 1220 940 year
1239 876 1381 935 1226,
1400 873 1652 941 granted
1669 877 1723 924 to
1749 872 1899 925 tltose
1921 872 2050 924 wlco
2075 872 2215 939 give
2236 870 2384 923 alms
2406 876 2460 922 to
2486 870 2877 938 Rockingltam

492 954 729 1023 bre’dge,·
760 955 914 1023 Aug.
943 956 1020 1016 16,
1048 958 1220 1021 1229]

537 1049 871 1114 Omnibus
917 1061 1038 1114 etc.
1133 1050 1472 1132 Quoniam
1521 1052 1691 1129 inter
1731 1070 1934 1133 opera
1984 1049 2287 1112 karitatis
2326 1059 2467 1124 ete.,
2510 1069 2629 1130 pro
2674 1058 2879 1130 ponte

366 1154 833 1237 Rokingham',
865 1164 938 1218 ut
978 1175 1179 1237 supra
1221 1154 1285 1216 in
1327 1174 1506 1216 anno
1548 1154 1703 1216 xvii.
1802 1154 1982 1217 Data
2017 1174 2133 1235 per
2173 1173 2444 1215 manum
2491 1150 2760 1215 Radulfi
2794 1152 2879 1215 de

365 1258 742 1333 Waraville,
774 1258 1073 1321 canonici
1113 1257 1617 1333 Lincolniensi8‚
1648 1258 1829 1340 apud
1875 1257 2284 1337 Lidingtone
2324 1256 2880 1339 septimodecimo

365 1361 683 1426 kalendas
717 1361 1132 1444 Septembris
1166 1360 1596 1443 pontificatus
1629 1362 1837 1424 nostri
1873 1382 2050 1424 anno
2083 1361 2417 1424 vicesimo.

364 1632 581 1698 [Notice
600 1637 724 1685 sent
742 1637 796 1684 to
818 1633 908 1684 tlte
930 1632 1278 1700 Archhisltop
1301 1632 1373 1700 of
1401 1633 1741 1700 Canterbuty
1762 1634 1835 1700 of
1846 1633 1938 1685 the
1957 1633 2486 1685 excommunication
2509 1631 2581 1699 os
2593 1631 2792 1699 Agnes
2813 1630 2881 1684 de

494 1712 800 1782 Hayforde‚
826 1729 901 1765 an
925 1718 1171 1781 apostate
1194 1729 1315 1765 mm
1338 1714 1409 1781 os
1427 1714 1689 1782 Catesby.]

544 1807 838 1872 Domino
900 1806 1362 1871 Cantuariensi
1424 1816 1544 1870 ete.
1639 1808 1883 1870 Vestra
1945 1808 2202 1871 noverit
2269 1809 2635 1889 paternitas
2695 1809 2876 1891 quod

367 1910 601 1993 Agnes
633 1909 767 1972 filia
802 1910 1070 1973 Ricardi
1105 1910 1190 1973 de
1229 1910 1595 1992 Hayforde‚
1626 1910 1884 1973 dudum
1927 1910 2009 1973 ad
2047 1912 2438 1974 instantiam
2474 1932 2664 1974 suam
2698 1910 2878 1993 apud

365 2016 729 2098 prioratum
793 2015 876 2079 de
940 2015 1243 2098 Katteby
1306 2017 1370 2078 in
1449 2017 1810 2079 monialem
1889 2016 2202 2092 admissa,
2255 2017 2716 2098 sollempniter
2790 2017 2879 2080 ibi

364 2121 649 2199 suscepit
699 2121 1003 2184 habitum
1062 2121 1398 2204 religionis
1452 2132 1519 2185 et
1552 2122 1666 2194 ,sic
1722 2142 1840 2203 per
1892 2121 2236 2184 biennium
2285 2130 2353 2184 et
2405 2121 2575 2184 ultra
2624 2141 2875 2195 moram

363 2225 780 2287 continuavit
815 2224 1079 2288 ibidem.
1174 2225 1512 2307 Quoniam
1547 2235 1771 2288 autem
1806 2225 2045 2289 eadem
2078 2225 2164 2288 de
2197 2225 2495 2307 predicta
2525 2224 2730 2288 domo
2761 2246 2881 2287 sua

366 2328 639 2408 maligni
689 2329 959 2410 spiritus
1008 2330 1323 2393 instinctu
1375 2330 1612 2393 furtive
1661 2329 1805 2411 jam
1859 2331 2147 2405 recessit,
2192 2339 2260 2392 et
2313 2330 2377 2391 in
2432 2329 2766 2412 religionis
2814 2339 2880 2391 et

362 2431 607 2494 domus
631 2453 748 2495 sue
774 2432 1162 2495 scandalum
1191 2434 1256 2496 in
1284 2434 1559 2496 seculari
1588 2434 1821 2497 habitu
1848 2433 2230 2497 seculariter
2255 2434 2500 2509 vivenS,
2520 2433 2882 2516 aliquando

365 2536 432 2597 in
464 2535 670 2598 domo
716 2537 923 2619 patris
962 2537 1062 2598 sui
1105 2536 1402 2619 predicti,
1434 2537 1797 2619 aliquando
1839 2538 2014 2610 alibi,
2048 2537 2266 2599 minus
2307 2538 2585 2600 honeste
2626 2556 2880 2600 moram

367 2638 579 2702 facere
614 2640 1034 2723 presumpsit,
1069 2661 1217 2703 eam
1252 2651 1323 2703 ut
1356 2641 1725 2705 secundum
1760 2641 2013 2704 ordinis
2046 2650 2299 2704 statuta
2331 2641 2607 2703 domum
2644 2640 2884 2704 rediret

368 2742 611 2824 pluries
689 2744 945 2806 moneri
1022 2755 1089 2807 et
1166 2743 1462 2818 tandem,
1522 2746 1679 2828 quia
1741 2744 1972 2820 noluit,
2035 2746 2249 2827 ipsam
2312 2744 2883 2807 excommunicari

366 2845 645 2909 fecimus
719 2856 787 2909 et
863 2849 1525 2912 excommunicatam
1606 2848 1870 2932 publice
1945 2847 2348 2911 denunciari.
2477 2848 2622 2912 Hec
2686 2848 2885 2931 igitur

367 2953 751 3033 paternitati
809 2964 1024 3017 vestre
1074 2951 1514 3036 significanda
1562 2954 1902 3031 duximuS,
1950 2975 2033 3017 ne
2078 2975 2195 3037 per
2243 2955 2455 3036 ipsam
2504 2953 2606 3016 vel
2654 2973 2884 3035 quem-

365 3075 653 3137 cumque
703 3056 892 3119 vobis
944 3056 1123 3120 aliud
1176 3078 1373 3140 super
1437 3058 1775 3141 premissis
1825 3079 1913 3120 ex
1978 3069 2171 3141 parte
2233 3078 2353 3120 sua
2414 3065 2882 3140 suggerentem

365 3158 688 3222 sanctitas
720 3170 942 3223 vestra
975 3160 1535 3224 circumveniatur
1567 3162 1629 3224 in
1665 3163 1788 3225 hac
1822 3172 2025 3244 parte.

375 3428 450 3492 [Α
475 3428 703 3481 similar
721 3430 895 3483 πυτία
916 3435 970 3483 to
993 3431 1085 3484 tlte
1102 3432 1309 3500 shenff
1319 3433 1392 3501 of
1403 3433 1856 3501 thampton.]

543 3523 944 3588 Vicecomiti
992 3535 1060 3588 et
1102 3527 1409 3591 universo
1450 3529 1800 3592 comitatui
1844 3527 2398 3609 Norhamptonie‚
2438 3527 2722 3591 salutem
2762 3537 2884 3590 ete.

369 3625 614 3690 Sciatis
663 3628 846 3709 quod
898 3629 1135 3711 Agnes
1182 3640 1302 3694 etc.
1351 3631 1455 3712 (ut
1509 3652 1711 3714 supra
1770 3651 1978 3713 usque
2030 3637 2059 3662 “
2090 3630 2238 3694 Hec
2293 3631 2494 3712 igitur
2514 3629 2590 3712 '').
2686 3630 2887 3695 Unde

365 3729 652 3792 eandem
692 3729 1034 3812 Agnetem
1068 3736 1725 3798 excommunicatam
1753 3735 1941 3797 vobis
1965 3734 2467 3809 denunciamuS,
2489 3733 2886 3797 mandantes

367 3844 435 3896 et
468 3833 537 3895 in
579 3831 711 3897 fide
742 3854 876 3916 qua
906 3845 974 3898 et
1005 3837 1283 3900 ecclesie
1312 3840 1633 3902 tenemini
1670 3838 2096 3921 injungentes
2141 3839 2299 3920 quia
2345 3858 2466 3901 nec
2507 3838 2721 3920 ipsam
2764 3857 2885 3901 nec

370 3936 664 4019 aliquem
700 3957 817 4020 per
848 3938 1061 4021 ipsam
1096 3939 1182 4002 ad
1214 3941 1485 4023 aliquod
1520 3942 1839 4024 placitum
1874 3942 2168 4005 seculare
2209 3941 2273 4003 in
2309 3941 2631 4004 comitatu
2666 3950 2886 4003 vestro

368 4040 754 4104 admittatis
806 4042 924 4104 sed
972 4063 1120 4106 eam
1168 4046 1828 4109 excommunicatam
1875 4045 2199 4108 habentes
2247 4056 2567 4127 tanquam
2614 4065 2886 4108 excom-

371 4143 780 4207 municatam
836 4148 1096 4210 cautius
1149 4148 1430 4225 evitetiS,
1475 4150 1690 4214 donec
1745 4149 2115 4213 secundum
2179 4148 2430 4213 ordinis
2484 4149 2582 4210 sui
2635 4158 2889 4212 statuta

370 4245 766 4311 beneficium
820 4271 859 4311 a
912 4251 1105 4313 nobis
1154 4253 1464 4316 meruerit
1510 4253 1965 4316 absolutionis.
2070 4253 2159 4315 Et
2208 4253 2274 4315 in
2322 4251 2520 4332 hujus
2567 4253 2657 4316 rei
2706 4253 2888 4317 testi-

373 4350 673 4414 monium
707 4352 828 4415 has
861 4353 1114 4417 litteras
1148 4368 1410 4420 nostras
1442 4357 1630 4419 vobis
1661 4357 1986 4420 duximus
2019 4356 2587 4420 transmittendas

1395 4616 1676 4682 ANNUS
1723 4630 1872 4679 xxr

546 4695 683 4779 [On
715 4697 822 4760 tlte
835 4699 987 4778 face
1008 4700 1146 4783 :—]

369 4804 518 4871 [lee
560 4805 877 4859 institution
922 4807 994 4874 os
1039 4808 1229 4877 Roger
1267 4810 1336 4863 de
1379 4812 1802 4879 Btksopesleghe
1857 4816 1911 4863 to
1966 4811 2057 4864 the
2114 4811 2314 4864 church
2373 4810 2445 4878 of
2491 4809 2852 4878 Desborough
2861 4826 2891 4872 ,·

486 4885 627 4952 Jan.
649 4890 729 4952 26,
757 4906 887 4955 1230
899 4906 927 4951 ,⁶
956 4894 1116 4959 seep.
1144 4897 1279 4958 152.]

554 4980 1430 5052 DESEBURG’.—Omnibus
1477 5000 1598 5053 etc.
1711 4988 1990 5053 Noverit
2040 4989 2433 5053 universitas
2488 4998 2706 5052 vestra
2768 5008 2890 5051 nos
