<?xml version="1.0" encoding="UTF-8"?>
<!DOCTYPE html PUBLIC "-//W3C//DTD XHTML 1.0 Transitional//EN"
    "http://www.w3.org/TR/xhtml1/DTD/xhtml1-transitional.dtd">
<html xmlns="http://www.w3.org/1999/xhtml" xml:lang="en" lang="en">
 <head>
  <title>
</title>
<meta http-equiv="Content-Type" content="text/html;charset=utf-8" />
  <meta name='ocr-system' content='tesseract 3.04.00' />
  <meta name='ocr-capabilities' content='ocr_page ocr_carea ocr_par ocr_line ocrx_word'/>
</head>
<body>
  <div class='ocr_page' id='page_1' title='image "./canterburyandyo00socigoog_0108.png"; bbox 0 0 3596 5866; ppageno 0'>
   <div class='ocr_carea' id='block_1_1' title="bbox 699 504 2501 612">
    <p class='ocr_par' dir='ltr' id='par_1_1' title="bbox 699 504 2501 612">
     <span class='ocr_line' id='line_1_1' title="bbox 699 504 2501 612; baseline 0 -25"><span class='ocrx_word' id='word_1_1' title='bbox 699 540 799 608; x_wconf 90' lang='lat'>94</span> <span class='ocrx_word' id='word_1_2' title='bbox 1130 504 1135 507; x_wconf 45' lang='grc'><strong>’</strong></span> <span class='ocrx_word' id='word_1_3' title='bbox 1410 516 1680 588; x_wconf 77' lang='lat' dir='ltr'>Rotulz‘</span> <span class='ocrx_word' id='word_1_4' title='bbox 1713 516 1812 587; x_wconf 87' lang='lat' dir='ltr'><em>H</em></span> <span class='ocrx_word' id='word_1_5' title='bbox 1806 515 2065 612; x_wconf 77' lang='lat' dir='ltr'>ugonis</span> <span class='ocrx_word' id='word_1_6' title='bbox 2099 515 2186 587; x_wconf 79' lang='lat' dir='ltr'>de</span> <span class='ocrx_word' id='word_1_7' title='bbox 2240 515 2501 587; x_wconf 81' lang='lat' dir='ltr'>Welles</span> 
     </span>
    </p>
   </div>
   <div class='ocr_carea' id='block_1_2' title="bbox 686 777 2230 847">
    <p class='ocr_par' dir='ltr' id='par_1_2' title="bbox 686 777 2230 847">
     <span class='ocr_line' id='line_1_2' title="bbox 686 777 2230 847; baseline -0.001 -17"><span class='ocrx_word' id='word_1_8' title='bbox 686 777 867 844; x_wconf 82' lang='lat' dir='ltr'>[Deed</span> <span class='ocrx_word' id='word_1_9' title='bbox 883 778 1175 847; x_wconf 82' lang='lat' dir='ltr'>recording</span> <span class='ocrx_word' id='word_1_10' title='bbox 1197 778 1286 831; x_wconf 74' lang='lat' dir='ltr'>tlte</span> <span class='ocrx_word' id='word_1_11' title='bbox 1306 780 1651 847; x_wconf 77' lang='lat' dir='ltr'><em>resignation</em></span> <span class='ocrx_word' id='word_1_12' title='bbox 1674 778 1745 846; x_wconf 89' lang='lat' dir='ltr'>of</span> <span class='ocrx_word' id='word_1_13' title='bbox 1745 778 1906 844; x_wconf 79' lang='lat' dir='ltr'>John</span> <span class='ocrx_word' id='word_1_14' title='bbox 1928 778 1996 830; x_wconf 80' lang='lat' dir='ltr'>cle</span> <span class='ocrx_word' id='word_1_15' title='bbox 2018 778 2230 846; x_wconf 59' lang='lat' dir='ltr'>Colum]</span> 
     </span>
    </p>
   </div>
   <div class='ocr_carea' id='block_1_3' title="bbox 683 921 3200 5049">
    <p class='ocr_par' dir='ltr' id='par_1_3' title="bbox 683 921 3200 5049">
     <span class='ocr_line' id='line_1_3' title="bbox 863 921 3198 1003; baseline -0.002 -17"><span class='ocrx_word' id='word_1_16' title='bbox 863 921 1206 986; x_wconf 89' lang='lat' dir='ltr'>Universis</span> <span class='ocrx_word' id='word_1_17' title='bbox 1240 922 1481 987; x_wconf 85' lang='lat' dir='ltr'>Christi</span> <span class='ocrx_word' id='word_1_18' title='bbox 1519 922 1825 985; x_wconf 89' lang='lat' dir='ltr'>fidelibus</span> <span class='ocrx_word' id='word_1_19' title='bbox 1858 922 1941 984; x_wconf 93' lang='lat' dir='ltr'>ad</span> <span class='ocrx_word' id='word_1_20' title='bbox 1976 942 2144 1003; x_wconf 91' lang='lat' dir='ltr'>quos</span> <span class='ocrx_word' id='word_1_21' title='bbox 2178 942 2448 1002; x_wconf 85' lang='lat' dir='ltr'><strong>presens</strong></span> <span class='ocrx_word' id='word_1_22' title='bbox 2481 922 2801 1002; x_wconf 87' lang='lat' dir='ltr'>scriptum</span> <span class='ocrx_word' id='word_1_23' title='bbox 2828 923 3198 1002; x_wconf 87' lang='lat' dir='ltr'>pervenerit</span> 
     </span>
     <span class='ocr_line' id='line_1_4' title="bbox 691 1024 3197 1108; baseline -0 -21"><span class='ocrx_word' id='word_1_24' title='bbox 691 1025 1173 1088; x_wconf 90' lang='lat' dir='ltr'>Lincolniensis</span> <span class='ocrx_word' id='word_1_25' title='bbox 1197 1036 1264 1089; x_wconf 91' lang='lat' dir='ltr'>et</span> <span class='ocrx_word' id='word_1_26' title='bbox 1291 1027 1352 1088; x_wconf 94' lang='lat' dir='ltr'>N</span> <span class='ocrx_word' id='word_1_27' title='bbox 1358 1026 1964 1108; x_wconf 87' lang='lat' dir='ltr'>orhamptoniensis</span> <span class='ocrx_word' id='word_1_28' title='bbox 1988 1024 2460 1088; x_wconf 85' lang='lat' dir='ltr'>Archidiaconi</span> <span class='ocrx_word' id='word_1_29' title='bbox 2489 1025 2769 1087; x_wconf 89' lang='lat' dir='ltr'>salutem</span> <span class='ocrx_word' id='word_1_30' title='bbox 2799 1026 2863 1087; x_wconf 92' lang='lat' dir='ltr'>in</span> <span class='ocrx_word' id='word_1_31' title='bbox 2889 1025 3197 1087; x_wconf 80' lang='lat' dir='ltr'>Domino,</span> 
     </span>
     <span class='ocr_line' id='line_1_5' title="bbox 689 1128 3195 1211; baseline 0 -21"><span class='ocrx_word' id='word_1_32' title='bbox 689 1129 750 1190; x_wconf 90' lang='lat' dir='ltr'>N</span> <span class='ocrx_word' id='word_1_33' title='bbox 756 1130 1023 1192; x_wconf 90' lang='lat' dir='ltr'>overitis</span> <span class='ocrx_word' id='word_1_34' title='bbox 1083 1129 1261 1211; x_wconf 92' lang='lat' dir='ltr'>quod</span> <span class='ocrx_word' id='word_1_35' title='bbox 1318 1150 1465 1191; x_wconf 91' lang='lat' dir='ltr'>cum</span> <span class='ocrx_word' id='word_1_36' title='bbox 1519 1129 1605 1192; x_wconf 92' lang='lat' dir='ltr'>ab</span> <span class='ocrx_word' id='word_1_37' title='bbox 1661 1129 1931 1192; x_wconf 84' lang='lat' dir='ltr'>Abbate</span> <span class='ocrx_word' id='word_1_38' title='bbox 1979 1139 2047 1192; x_wconf 92' lang='lat' dir='ltr'>et</span> <span class='ocrx_word' id='word_1_39' title='bbox 2101 1139 2432 1192; x_wconf 88' lang='lat' dir='ltr'>conventu</span> <span class='ocrx_word' id='word_1_40' title='bbox 2486 1128 2760 1210; x_wconf 89' lang='lat' dir='ltr'>Majoris</span> <span class='ocrx_word' id='word_1_41' title='bbox 2810 1129 3195 1191; x_wconf 90' lang='lat' dir='ltr'>Monasterii</span> 
     </span>
     <span class='ocr_line' id='line_1_6' title="bbox 684 1232 3198 1314; baseline 0 -20"><span class='ocrx_word' id='word_1_42' title='bbox 684 1232 973 1313; x_wconf 92' lang='lat' dir='ltr'>Johanni</span> <span class='ocrx_word' id='word_1_43' title='bbox 1035 1233 1120 1295; x_wconf 93' lang='lat' dir='ltr'>de</span> <span class='ocrx_word' id='word_1_44' title='bbox 1175 1232 1404 1308; x_wconf 89' lang='lat' dir='ltr'>Colna‚</span> <span class='ocrx_word' id='word_1_45' title='bbox 1451 1233 1655 1295; x_wconf 91' lang='lat' dir='ltr'>Priori</span> <span class='ocrx_word' id='word_1_46' title='bbox 1708 1232 1793 1295; x_wconf 92' lang='lat' dir='ltr'>de</span> <span class='ocrx_word' id='word_1_47' title='bbox 1851 1232 2209 1314; x_wconf 89' lang='lat' dir='ltr'>Newporte</span> <span class='ocrx_word' id='word_1_48' title='bbox 2270 1232 2538 1314; x_wconf 89' lang='lat' dir='ltr'>Paynel,</span> <span class='ocrx_word' id='word_1_49' title='bbox 2592 1253 2814 1295; x_wconf 88' lang='lat' dir='ltr'>coram</span> <span class='ocrx_word' id='word_1_50' title='bbox 2876 1233 3198 1314; x_wconf 88' lang='lat' dir='ltr'>Magistro</span> 
     </span>
     <span class='ocr_line' id='line_1_7' title="bbox 685 1335 3200 1419; baseline 0.001 -22"><span class='ocrx_word' id='word_1_51' title='bbox 685 1335 993 1418; x_wconf 89' lang='lat' dir='ltr'>Johanne</span> <span class='ocrx_word' id='word_1_52' title='bbox 1042 1336 1126 1399; x_wconf 92' lang='lat' dir='ltr'>de</span> <span class='ocrx_word' id='word_1_53' title='bbox 1178 1335 1497 1412; x_wconf 89' lang='lat' dir='ltr'>Cadam0‚</span> <span class='ocrx_word' id='word_1_54' title='bbox 1548 1338 1945 1400; x_wconf 91' lang='lat' dir='ltr'>auctoritate</span> <span class='ocrx_word' id='word_1_55' title='bbox 1995 1337 2362 1419; x_wconf 90' lang='lat' dir='ltr'>apostolica</span> <span class='ocrx_word' id='word_1_56' title='bbox 2415 1358 2613 1418; x_wconf 87' lang='lat' dir='ltr'>super</span> <span class='ocrx_word' id='word_1_57' title='bbox 2660 1335 2840 1400; x_wconf 92' lang='lat' dir='ltr'>dicto</span> <span class='ocrx_word' id='word_1_58' title='bbox 2891 1338 3200 1418; x_wconf 85' lang='lat' dir='ltr'>prioratu,</span> 
     </span>
     <span class='ocr_line' id='line_1_8' title="bbox 687 1439 3193 1522; baseline 0.001 -22"><span class='ocrx_word' id='word_1_59' title='bbox 687 1458 943 1501; x_wconf 87' lang='lat' dir='ltr'><strong>necnon</strong></span> <span class='ocrx_word' id='word_1_60' title='bbox 976 1440 1177 1502; x_wconf 90' lang='lat' dir='ltr'>etiam</span> <span class='ocrx_word' id='word_1_61' title='bbox 1212 1460 1409 1521; x_wconf 90' lang='lat' dir='ltr'>super</span> <span class='ocrx_word' id='word_1_62' title='bbox 1440 1439 2017 1503; x_wconf 85' lang='lat' dir='ltr'>administratione</span> <span class='ocrx_word' id='word_1_63' title='bbox 2057 1440 2523 1521; x_wconf 85' lang='lat' dir='ltr'>temporalium</span> <span class='ocrx_word' id='word_1_64' title='bbox 2559 1451 2624 1503; x_wconf 90' lang='lat' dir='ltr'>et</span> <span class='ocrx_word' id='word_1_65' title='bbox 2656 1441 3094 1522; x_wconf 82' lang='lat' dir='ltr'>spiritualium</span> <span class='ocrx_word' id='word_1_66' title='bbox 3130 1441 3193 1502; x_wconf 91' lang='lat' dir='ltr'>in</span> 
     </span>
     <span class='ocr_line' id='line_1_9' title="bbox 685 1541 3200 1625; baseline -0 -21"><span class='ocrx_word' id='word_1_67' title='bbox 685 1541 941 1618; x_wconf 89' lang='lat' dir='ltr'>eodem,</span> <span class='ocrx_word' id='word_1_68' title='bbox 964 1553 1031 1605; x_wconf 90' lang='lat' dir='ltr'>et</span> <span class='ocrx_word' id='word_1_69' title='bbox 1064 1542 1257 1605; x_wconf 90' lang='lat' dir='ltr'>bonis</span> <span class='ocrx_word' id='word_1_70' title='bbox 1288 1542 1372 1606; x_wconf 92' lang='lat' dir='ltr'>ad</span> <span class='ocrx_word' id='word_1_71' title='bbox 1423 1544 1640 1625; x_wconf 93' lang='lat' dir='ltr'>ipsum</span> <span class='ocrx_word' id='word_1_72' title='bbox 1675 1543 2178 1625; x_wconf 88' lang='lat' dir='ltr'>pertinentibus,</span> <span class='ocrx_word' id='word_1_73' title='bbox 2223 1553 2292 1606; x_wconf 98' lang='lat' dir='ltr'>et</span> <span class='ocrx_word' id='word_1_74' title='bbox 2340 1564 2537 1625; x_wconf 89' lang='lat' dir='ltr'>super</span> <span class='ocrx_word' id='word_1_75' title='bbox 2581 1543 2984 1625; x_wconf 89' lang='lat' dir='ltr'>quibusdam</span> <span class='ocrx_word' id='word_1_76' title='bbox 3035 1545 3200 1607; x_wconf 76' lang='lat' dir='ltr'>aliis,</span> 
     </span>
     <span class='ocr_line' id='line_1_10' title="bbox 685 1644 3193 1734; baseline 0.001 -27"><span class='ocrx_word' id='word_1_77' title='bbox 685 1644 974 1734; x_wconf 75' lang='lat' dir='ltr'>officium</span> <span class='ocrx_word' id='word_1_78' title='bbox 1039 1656 1107 1709; x_wconf 92' lang='lat' dir='ltr'>et</span> <span class='ocrx_word' id='word_1_79' title='bbox 1162 1645 1689 1727; x_wconf 90' lang='lat' dir='ltr'>jurisdictionem</span> <span class='ocrx_word' id='word_1_80' title='bbox 1752 1648 2025 1710; x_wconf 90' lang='lat' dir='ltr'>Domini</span> <span class='ocrx_word' id='word_1_81' title='bbox 2088 1647 2574 1710; x_wconf 91' lang='lat' dir='ltr'>Lincolniensis</span> <span class='ocrx_word' id='word_1_82' title='bbox 2635 1648 3193 1730; x_wconf 80' lang='lat' dir='ltr'>contingentibuS,</span> 
     </span>
     <span class='ocr_line' id='line_1_11' title="bbox 687 1749 3198 1833; baseline 0.001 -23"><span class='ocrx_word' id='word_1_83' title='bbox 687 1759 1076 1825; x_wconf 90' lang='lat' dir='ltr'>moveretur,</span> <span class='ocrx_word' id='word_1_84' title='bbox 1097 1749 1369 1813; x_wconf 90' lang='lat' dir='ltr'>tandem</span> <span class='ocrx_word' id='word_1_85' title='bbox 1392 1751 1587 1814; x_wconf 90' lang='lat' dir='ltr'>dictis</span> <span class='ocrx_word' id='word_1_86' title='bbox 1612 1750 1881 1813; x_wconf 86' lang='lat' dir='ltr'>Abbate</span> <span class='ocrx_word' id='word_1_87' title='bbox 1901 1760 1969 1813; x_wconf 93' lang='lat' dir='ltr'>et</span> <span class='ocrx_word' id='word_1_88' title='bbox 1990 1762 2320 1814; x_wconf 85' lang='lat' dir='ltr'>conventu</span> <span class='ocrx_word' id='word_1_89' title='bbox 2345 1772 2462 1833; x_wconf 89' lang='lat' dir='ltr'>per</span> <span class='ocrx_word' id='word_1_90' title='bbox 2484 1751 2740 1814; x_wconf 87' lang='lat' dir='ltr'>Priores</span> <span class='ocrx_word' id='word_1_91' title='bbox 2762 1750 3198 1833; x_wconf 87' lang='lat' dir='ltr'>Stephanum,</span> 
     </span>
     <span class='ocr_line' id='line_1_12' title="bbox 687 1839 3194 1930; baseline 0.002 -18"><span class='ocrx_word' id='word_1_92' title='bbox 687 1853 935 1916; x_wconf 91' lang='lat' dir='ltr'>scilicet</span> <span class='ocrx_word' id='word_1_93' title='bbox 983 1853 1230 1918; x_wconf 86' lang='lat' dir='ltr'>Sancte</span> <span class='ocrx_word' id='word_1_94' title='bbox 1285 1839 1631 1918; x_wconf 85' lang='lat' dir='ltr'>Trinitatis</span> <span class='ocrx_word' id='word_1_95' title='bbox 1683 1854 2143 1930; x_wconf 78' lang='lat' dir='ltr'>EboracensiS,</span> <span class='ocrx_word' id='word_1_96' title='bbox 2190 1866 2256 1918; x_wconf 89' lang='lat' dir='ltr'>et</span> <span class='ocrx_word' id='word_1_97' title='bbox 2308 1855 2701 1917; x_wconf 90' lang='lat' dir='ltr'>Mauricium</span> <span class='ocrx_word' id='word_1_98' title='bbox 2749 1854 2834 1917; x_wconf 90' lang='lat' dir='ltr'>de</span> <span class='ocrx_word' id='word_1_99' title='bbox 2885 1855 3194 1917; x_wconf 90' lang='lat' dir='ltr'>Malliaco</span> 
     </span>
     <span class='ocr_line' id='line_1_13' title="bbox 687 1959 3194 2042; baseline 0.002 -24"><span class='ocrx_word' id='word_1_100' title='bbox 687 1969 1143 2038; x_wconf 87' lang='lat' dir='ltr'>procuratores</span> <span class='ocrx_word' id='word_1_101' title='bbox 1178 1980 1294 2041; x_wconf 90' lang='lat' dir='ltr'>per</span> <span class='ocrx_word' id='word_1_102' title='bbox 1327 1960 1549 2022; x_wconf 88' lang='lat' dir='ltr'>literas</span> <span class='ocrx_word' id='word_1_103' title='bbox 1580 1959 1666 2022; x_wconf 93' lang='lat' dir='ltr'>de</span> <span class='ocrx_word' id='word_1_104' title='bbox 1701 1969 1844 2022; x_wconf 84' lang='lat' dir='ltr'>rato</span> <span class='ocrx_word' id='word_1_105' title='bbox 1875 1959 1960 2022; x_wconf 94' lang='lat' dir='ltr'>ad</span> <span class='ocrx_word' id='word_1_106' title='bbox 2010 1959 2409 2042; x_wconf 87' lang='lat' dir='ltr'>litigandum</span> <span class='ocrx_word' id='word_1_107' title='bbox 2442 1973 2510 2023; x_wconf 93' lang='lat' dir='ltr'>et</span> <span class='ocrx_word' id='word_1_108' title='bbox 2541 1959 3079 2042; x_wconf 91' lang='lat' dir='ltr'>componendum</span> <span class='ocrx_word' id='word_1_109' title='bbox 3126 1973 3194 2023; x_wconf 92' lang='lat' dir='ltr'>et</span> 
     </span>
     <span class='ocr_line' id='line_1_14' title="bbox 685 2062 3195 2146; baseline 0 -20"><span class='ocrx_word' id='word_1_110' title='bbox 685 2064 912 2126; x_wconf 90' lang='lat' dir='ltr'>omnia</span> <span class='ocrx_word' id='word_1_111' title='bbox 931 2062 1059 2125; x_wconf 91' lang='lat' dir='ltr'>alia</span> <span class='ocrx_word' id='word_1_112' title='bbox 1091 2083 1205 2125; x_wconf 92' lang='lat' dir='ltr'>eos</span> <span class='ocrx_word' id='word_1_113' title='bbox 1239 2064 1303 2125; x_wconf 93' lang='lat' dir='ltr'>in</span> <span class='ocrx_word' id='word_1_114' title='bbox 1340 2062 1592 2146; x_wconf 83' lang='lat' dir='ltr'>Anglia</span> <span class='ocrx_word' id='word_1_115' title='bbox 1623 2065 2081 2146; x_wconf 81' lang='lat' dir='ltr'>contingentia</span> <span class='ocrx_word' id='word_1_116' title='bbox 2113 2064 2532 2140; x_wconf 79' lang='lat' dir='ltr'>constitutOS,</span> <span class='ocrx_word' id='word_1_117' title='bbox 2556 2075 2623 2127; x_wconf 93' lang='lat' dir='ltr'>et</span> <span class='ocrx_word' id='word_1_118' title='bbox 2654 2064 2835 2126; x_wconf 93' lang='lat' dir='ltr'>dicto</span> <span class='ocrx_word' id='word_1_119' title='bbox 2859 2065 3080 2126; x_wconf 91' lang='lat' dir='ltr'>Priore</span> <span class='ocrx_word' id='word_1_120' title='bbox 3111 2063 3195 2127; x_wconf 91' lang='lat' dir='ltr'>de</span> 
     </span>
     <span class='ocr_line' id='line_1_15' title="bbox 689 2168 3198 2249; baseline 0 -19"><span class='ocrx_word' id='word_1_121' title='bbox 689 2168 1031 2248; x_wconf 87' lang='lat' dir='ltr'>Neuporte</span> <span class='ocrx_word' id='word_1_122' title='bbox 1057 2168 1489 2248; x_wconf 86' lang='lat' dir='ltr'>personaliter</span> <span class='ocrx_word' id='word_1_123' title='bbox 1513 2188 1735 2230; x_wconf 89' lang='lat' dir='ltr'>coram</span> <span class='ocrx_word' id='word_1_124' title='bbox 1763 2168 1957 2231; x_wconf 89' lang='lat' dir='ltr'>nobis</span> <span class='ocrx_word' id='word_1_125' title='bbox 1977 2168 2535 2245; x_wconf 82' lang='lat' dir='ltr'>comparentibus,</span> <span class='ocrx_word' id='word_1_126' title='bbox 2555 2168 2713 2231; x_wconf 91' lang='lat' dir='ltr'>dicti</span> <span class='ocrx_word' id='word_1_127' title='bbox 2743 2179 3198 2249; x_wconf 89' lang='lat' dir='ltr'>procuratores</span> 
     </span>
     <span class='ocr_line' id='line_1_16' title="bbox 683 2270 3197 2353; baseline 0 -18"><span class='ocrx_word' id='word_1_128' title='bbox 683 2283 751 2335; x_wconf 92' lang='lat' dir='ltr'>et</span> <span class='ocrx_word' id='word_1_129' title='bbox 782 2271 999 2334; x_wconf 89' lang='lat' dir='ltr'>dictus</span> <span class='ocrx_word' id='word_1_130' title='bbox 1036 2271 1220 2333; x_wconf 90' lang='lat' dir='ltr'>Prior</span> <span class='ocrx_word' id='word_1_131' title='bbox 1249 2270 1334 2333; x_wconf 91' lang='lat' dir='ltr'>de</span> <span class='ocrx_word' id='word_1_132' title='bbox 1369 2270 1712 2353; x_wconf 90' lang='lat' dir='ltr'>Neuporte</span> <span class='ocrx_word' id='word_1_133' title='bbox 1744 2272 1841 2334; x_wconf 88' lang='lat' dir='ltr'>liti</span> <span class='ocrx_word' id='word_1_134' title='bbox 1879 2292 2076 2353; x_wconf 89' lang='lat' dir='ltr'>super</span> <span class='ocrx_word' id='word_1_135' title='bbox 2109 2271 2420 2353; x_wconf 85' lang='lat' dir='ltr'>predictis</span> <span class='ocrx_word' id='word_1_136' title='bbox 2450 2281 2630 2335; x_wconf 90' lang='lat' dir='ltr'>mote</span> <span class='ocrx_word' id='word_1_137' title='bbox 2661 2273 2936 2334; x_wconf 91' lang='lat' dir='ltr'>omnino</span> <span class='ocrx_word' id='word_1_138' title='bbox 2963 2293 3197 2335; x_wconf 88' lang='lat' dir='ltr'>renun-</span> 
     </span>
     <span class='ocr_line' id='line_1_17' title="bbox 684 2374 3191 2458; baseline 0 -20"><span class='ocrx_word' id='word_1_139' title='bbox 684 2376 943 2450; x_wconf 83' lang='lat' dir='ltr'>tianteS‚</span> <span class='ocrx_word' id='word_1_140' title='bbox 975 2395 1046 2436; x_wconf 90' lang='lat' dir='ltr'>se</span> <span class='ocrx_word' id='word_1_141' title='bbox 1092 2383 1348 2456; x_wconf 90' lang='lat' dir='ltr'>sponte,</span> <span class='ocrx_word' id='word_1_142' title='bbox 1381 2395 1541 2456; x_wconf 91' lang='lat' dir='ltr'>pure</span> <span class='ocrx_word' id='word_1_143' title='bbox 1587 2384 1654 2437; x_wconf 92' lang='lat' dir='ltr'>et</span> <span class='ocrx_word' id='word_1_144' title='bbox 1701 2374 2005 2438; x_wconf 91' lang='lat' dir='ltr'>absolute</span> <span class='ocrx_word' id='word_1_145' title='bbox 2053 2386 2275 2438; x_wconf 90' lang='lat' dir='ltr'>nostre</span> <span class='ocrx_word' id='word_1_146' title='bbox 2309 2375 2734 2458; x_wconf 89' lang='lat' dir='ltr'>subjacerunt</span> <span class='ocrx_word' id='word_1_147' title='bbox 2775 2374 3191 2440; x_wconf 89' lang='lat' dir='ltr'>ordinationi.</span> 
     </span>
     <span class='ocr_line' id='line_1_18' title="bbox 690 2477 3195 2563; baseline 0 -22"><span class='ocrx_word' id='word_1_148' title='bbox 690 2479 832 2541; x_wconf 92' lang='lat' dir='ltr'>Nos</span> <span class='ocrx_word' id='word_1_149' title='bbox 863 2489 1108 2553; x_wconf 88' lang='lat' dir='ltr'>autem,</span> <span class='ocrx_word' id='word_1_150' title='bbox 1140 2477 1324 2540; x_wconf 89' lang='lat' dir='ltr'>salvo</span> <span class='ocrx_word' id='word_1_151' title='bbox 1357 2478 1421 2539; x_wconf 90' lang='lat' dir='ltr'>in</span> <span class='ocrx_word' id='word_1_152' title='bbox 1470 2477 1780 2540; x_wconf 89' lang='lat' dir='ltr'>omnibus</span> <span class='ocrx_word' id='word_1_153' title='bbox 1832 2478 1977 2560; x_wconf 89' lang='lat' dir='ltr'>jure</span> <span class='ocrx_word' id='word_1_154' title='bbox 2023 2488 2092 2541; x_wconf 93' lang='lat' dir='ltr'>et</span> <span class='ocrx_word' id='word_1_155' title='bbox 2140 2480 2557 2561; x_wconf 78' lang='lat' dir='ltr'>possessione</span> <span class='ocrx_word' id='word_1_156' title='bbox 2589 2478 2843 2542; x_wconf 93' lang='lat' dir='ltr'>domini</span> <span class='ocrx_word' id='word_1_157' title='bbox 2880 2480 3195 2563; x_wconf 91' lang='lat' dir='ltr'>Episcopi</span> 
     </span>
     <span class='ocr_line' id='line_1_19' title="bbox 691 2580 3194 2664; baseline -0 -19"><span class='ocrx_word' id='word_1_158' title='bbox 691 2581 1174 2645; x_wconf 90' lang='lat' dir='ltr'>Lincolniensis</span> <span class='ocrx_word' id='word_1_159' title='bbox 1206 2591 1273 2644; x_wconf 94' lang='lat' dir='ltr'>et</span> <span class='ocrx_word' id='word_1_160' title='bbox 1304 2580 1580 2644; x_wconf 90' lang='lat' dir='ltr'>ecclesie</span> <span class='ocrx_word' id='word_1_161' title='bbox 1617 2582 2123 2658; x_wconf 81' lang='lat' dir='ltr'>LincolniensiS‚</span> <span class='ocrx_word' id='word_1_162' title='bbox 2158 2583 2221 2644; x_wconf 91' lang='lat' dir='ltr'>in</span> <span class='ocrx_word' id='word_1_163' title='bbox 2254 2583 2491 2645; x_wconf 87' lang='lat' dir='ltr'>eodem</span> <span class='ocrx_word' id='word_1_164' title='bbox 2529 2584 2818 2664; x_wconf 90' lang='lat' dir='ltr'>prioratu</span> <span class='ocrx_word' id='word_1_165' title='bbox 2853 2583 2946 2645; x_wconf 90' lang='lat' dir='ltr'>ita</span> <span class='ocrx_word' id='word_1_166' title='bbox 2977 2583 3194 2646; x_wconf 91' lang='lat' dir='ltr'>ordin-</span> 
     </span>
     <span class='ocr_line' id='line_1_20' title="bbox 687 2683 3193 2769; baseline 0 -20"><span class='ocrx_word' id='word_1_167' title='bbox 687 2687 961 2761; x_wconf 80' lang='lat' dir='ltr'>avimuS,</span> <span class='ocrx_word' id='word_1_168' title='bbox 993 2685 1318 2761; x_wconf 91' lang='lat' dir='ltr'>videlicet,</span> <span class='ocrx_word' id='word_1_169' title='bbox 1349 2683 1528 2766; x_wconf 93' lang='lat' dir='ltr'>quod</span> <span class='ocrx_word' id='word_1_170' title='bbox 1564 2685 1902 2767; x_wconf 89' lang='lat' dir='ltr'>predictus</span> <span class='ocrx_word' id='word_1_171' title='bbox 1951 2686 2151 2761; x_wconf 90' lang='lat' dir='ltr'>Prior,</span> <span class='ocrx_word' id='word_1_172' title='bbox 2183 2707 2264 2748; x_wconf 92' lang='lat' dir='ltr'>eo</span> <span class='ocrx_word' id='word_1_173' title='bbox 2295 2685 2474 2767; x_wconf 94' lang='lat' dir='ltr'>quod</span> <span class='ocrx_word' id='word_1_174' title='bbox 2509 2687 2719 2749; x_wconf 88' lang='lat' dir='ltr'>sonsit</span> <span class='ocrx_word' id='word_1_175' title='bbox 2752 2686 2895 2769; x_wconf 84' lang='lat' dir='ltr'>[sic]</span> <span class='ocrx_word' id='word_1_176' title='bbox 2942 2685 3193 2749; x_wconf 90' lang='lat' dir='ltr'>dictum</span> 
     </span>
     <span class='ocr_line' id='line_1_21' title="bbox 689 2787 3192 2873; baseline 0.001 -22"><span class='ocrx_word' id='word_1_177' title='bbox 689 2790 1070 2871; x_wconf 88' lang='lat' dir='ltr'>prioratum,</span> <span class='ocrx_word' id='word_1_178' title='bbox 1111 2798 1183 2851; x_wconf 95' lang='lat' dir='ltr'>ut</span> <span class='ocrx_word' id='word_1_179' title='bbox 1236 2787 1519 2864; x_wconf 93' lang='lat' dir='ltr'>dicebat,</span> <span class='ocrx_word' id='word_1_180' title='bbox 1565 2809 1765 2852; x_wconf 90' lang='lat' dir='ltr'>onere</span> <span class='ocrx_word' id='word_1_181' title='bbox 1820 2788 2196 2852; x_wconf 90' lang='lat' dir='ltr'>debitorum</span> <span class='ocrx_word' id='word_1_182' title='bbox 2246 2790 2746 2853; x_wconf 90' lang='lat' dir='ltr'>intolerabiliter</span> <span class='ocrx_word' id='word_1_183' title='bbox 2801 2793 3192 2873; x_wconf 85' lang='lat' dir='ltr'>pergravari,</span> 
     </span>
     <span class='ocr_line' id='line_1_22' title="bbox 687 2892 3196 2978; baseline 0.001 -21"><span class='ocrx_word' id='word_1_184' title='bbox 687 2915 848 2978; x_wconf 90' lang='lat' dir='ltr'>pure</span> <span class='ocrx_word' id='word_1_185' title='bbox 907 2904 974 2957; x_wconf 91' lang='lat' dir='ltr'>et</span> <span class='ocrx_word' id='word_1_186' title='bbox 1027 2892 1330 2957; x_wconf 91' lang='lat' dir='ltr'>absolute</span> <span class='ocrx_word' id='word_1_187' title='bbox 1389 2892 1571 2956; x_wconf 92' lang='lat' dir='ltr'>dicto</span> <span class='ocrx_word' id='word_1_188' title='bbox 1632 2892 1826 2956; x_wconf 90' lang='lat' dir='ltr'>cedat</span> <span class='ocrx_word' id='word_1_189' title='bbox 1904 2893 2218 2976; x_wconf 87' lang='lat' dir='ltr'>prioratui</span> <span class='ocrx_word' id='word_1_190' title='bbox 2280 2905 2347 2958; x_wconf 91' lang='lat' dir='ltr'>et</span> <span class='ocrx_word' id='word_1_191' title='bbox 2401 2893 2677 2957; x_wconf 92' lang='lat' dir='ltr'>domino</span> <span class='ocrx_word' id='word_1_192' title='bbox 2729 2895 3196 2971; x_wconf 88' lang='lat' dir='ltr'>Lincolniensi,</span> 
     </span>
     <span class='ocr_line' id='line_1_23' title="bbox 687 2996 3193 3081; baseline 0 -20"><span class='ocrx_word' id='word_1_193' title='bbox 687 3020 726 3061; x_wconf 91' lang='lat' dir='ltr'>a</span> <span class='ocrx_word' id='word_1_194' title='bbox 785 3018 920 3081; x_wconf 93' lang='lat' dir='ltr'>quo</span> <span class='ocrx_word' id='word_1_195' title='bbox 972 3018 1197 3060; x_wconf 90' lang='lat' dir='ltr'>curam</span> <span class='ocrx_word' id='word_1_196' title='bbox 1255 2998 1503 3079; x_wconf 91' lang='lat' dir='ltr'>recepit</span> <span class='ocrx_word' id='word_1_197' title='bbox 1556 2996 1876 3077; x_wconf 89' lang='lat' dir='ltr'>ejusdem,</span> <span class='ocrx_word' id='word_1_198' title='bbox 1924 2998 2229 3080; x_wconf 84' lang='lat' dir='ltr'>resignet,</span> <span class='ocrx_word' id='word_1_199' title='bbox 2261 3009 2326 3060; x_wconf 91' lang='lat' dir='ltr'>et</span> <span class='ocrx_word' id='word_1_200' title='bbox 2374 2999 2600 3060; x_wconf 90' lang='lat' dir='ltr'>omnia</span> <span class='ocrx_word' id='word_1_201' title='bbox 2646 2998 2824 3061; x_wconf 91' lang='lat' dir='ltr'>bona</span> <span class='ocrx_word' id='word_1_202' title='bbox 2874 2997 3193 3081; x_wconf 90' lang='lat' dir='ltr'>ejusdem,</span> 
     </span>
     <span class='ocr_line' id='line_1_24' title="bbox 689 3101 3187 3183; baseline 0 -18"><span class='ocrx_word' id='word_1_203' title='bbox 689 3102 960 3165; x_wconf 91' lang='lat' dir='ltr'>mobilia</span> <span class='ocrx_word' id='word_1_204' title='bbox 991 3111 1058 3165; x_wconf 92' lang='lat' dir='ltr'>et</span> <span class='ocrx_word' id='word_1_205' title='bbox 1090 3101 1459 3164; x_wconf 87' lang='lat' dir='ltr'>immobilia</span> <span class='ocrx_word' id='word_1_206' title='bbox 1490 3102 1555 3163; x_wconf 92' lang='lat' dir='ltr'>in</span> <span class='ocrx_word' id='word_1_207' title='bbox 1589 3122 1659 3163; x_wconf 90' lang='lat' dir='ltr'>se</span> <span class='ocrx_word' id='word_1_208' title='bbox 1694 3102 2030 3164; x_wconf 91' lang='lat' dir='ltr'>moventia</span> <span class='ocrx_word' id='word_1_209' title='bbox 2065 3103 2318 3183; x_wconf 85' lang='lat' dir='ltr'>integre</span> <span class='ocrx_word' id='word_1_210' title='bbox 2350 3112 2415 3164; x_wconf 92' lang='lat' dir='ltr'>et</span> <span class='ocrx_word' id='word_1_211' title='bbox 2464 3102 2604 3165; x_wconf 89' lang='lat' dir='ltr'>sine</span> <span class='ocrx_word' id='word_1_212' title='bbox 2636 3101 3077 3166; x_wconf 85' lang='lat' dir='ltr'>diminutione</span> <span class='ocrx_word' id='word_1_213' title='bbox 3123 3104 3187 3165; x_wconf 92' lang='lat' dir='ltr'>in</span> 
     </span>
     <span class='ocr_line' id='line_1_25' title="bbox 689 3205 3193 3288; baseline -0 -19"><span class='ocrx_word' id='word_1_214' title='bbox 689 3226 925 3269; x_wconf 89' lang='lat' dir='ltr'>manus</span> <span class='ocrx_word' id='word_1_215' title='bbox 958 3215 1216 3268; x_wconf 89' lang='lat' dir='ltr'>nostras</span> <span class='ocrx_word' id='word_1_216' title='bbox 1250 3206 1570 3280; x_wconf 90' lang='lat' dir='ltr'>restituat,</span> <span class='ocrx_word' id='word_1_217' title='bbox 1595 3205 1775 3269; x_wconf 90' lang='lat' dir='ltr'>dicto</span> <span class='ocrx_word' id='word_1_218' title='bbox 1810 3206 2123 3287; x_wconf 90' lang='lat' dir='ltr'>prioratui</span> <span class='ocrx_word' id='word_1_219' title='bbox 2159 3226 2275 3287; x_wconf 90' lang='lat' dir='ltr'>per</span> <span class='ocrx_word' id='word_1_220' title='bbox 2301 3226 2421 3267; x_wconf 90' lang='lat' dir='ltr'>nos</span> <span class='ocrx_word' id='word_1_221' title='bbox 2443 3205 2860 3288; x_wconf 86' lang='lat' dir='ltr'>assignanda.</span> <span class='ocrx_word' id='word_1_222' title='bbox 2954 3206 3193 3269; x_wconf 90' lang='lat' dir='ltr'>Ordin-</span> 
     </span>
     <span class='ocr_line' id='line_1_26' title="bbox 687 3307 3191 3391; baseline -0 -19"><span class='ocrx_word' id='word_1_223' title='bbox 687 3311 945 3373; x_wconf 91' lang='lat' dir='ltr'>avimus</span> <span class='ocrx_word' id='word_1_224' title='bbox 977 3310 1180 3372; x_wconf 87' lang='lat' dir='ltr'>etiam</span> <span class='ocrx_word' id='word_1_225' title='bbox 1214 3310 1391 3391; x_wconf 92' lang='lat' dir='ltr'>quod</span> <span class='ocrx_word' id='word_1_226' title='bbox 1428 3308 1602 3372; x_wconf 92' lang='lat' dir='ltr'>idem</span> <span class='ocrx_word' id='word_1_227' title='bbox 1651 3309 1991 3391; x_wconf 89' lang='lat' dir='ltr'>Johannes</span> <span class='ocrx_word' id='word_1_228' title='bbox 2037 3308 2122 3371; x_wconf 93' lang='lat' dir='ltr'>de</span> <span class='ocrx_word' id='word_1_229' title='bbox 2169 3308 2399 3385; x_wconf 92' lang='lat' dir='ltr'>Colna‚</span> <span class='ocrx_word' id='word_1_230' title='bbox 2430 3307 2750 3390; x_wconf 88' lang='lat' dir='ltr'>quamdiu</span> <span class='ocrx_word' id='word_1_231' title='bbox 2786 3310 3043 3385; x_wconf 83' lang='lat' dir='ltr'>vixerit,</span> <span class='ocrx_word' id='word_1_232' title='bbox 3074 3320 3191 3372; x_wconf 91' lang='lat' dir='ltr'>aut</span> 
     </span>
     <span class='ocr_line' id='line_1_27' title="bbox 687 3412 3187 3495; baseline 0 -20"><span class='ocrx_word' id='word_1_233' title='bbox 687 3412 898 3476; x_wconf 92' lang='lat' dir='ltr'>donec</span> <span class='ocrx_word' id='word_1_234' title='bbox 949 3413 1239 3495; x_wconf 89' lang='lat' dir='ltr'>aliquam</span> <span class='ocrx_word' id='word_1_235' title='bbox 1288 3413 1683 3495; x_wconf 90' lang='lat' dir='ltr'>dignitatem</span> <span class='ocrx_word' id='word_1_236' title='bbox 1717 3412 1986 3476; x_wconf 90' lang='lat' dir='ltr'>abbatie</span> <span class='ocrx_word' id='word_1_237' title='bbox 2019 3413 2119 3475; x_wconf 91' lang='lat' dir='ltr'>vel</span> <span class='ocrx_word' id='word_1_238' title='bbox 2169 3414 2497 3494; x_wconf 89' lang='lat' dir='ltr'>prioratus</span> <span class='ocrx_word' id='word_1_239' title='bbox 2529 3412 2815 3494; x_wconf 90' lang='lat' dir='ltr'>adeptus</span> <span class='ocrx_word' id='word_1_240' title='bbox 2863 3412 3075 3489; x_wconf 88' lang='lat' dir='ltr'>suerit,</span> <span class='ocrx_word' id='word_1_241' title='bbox 3106 3412 3187 3476; x_wconf 88' lang='lat' dir='ltr'>ad</span> 
     </span>
     <span class='ocr_line' id='line_1_28' title="bbox 688 3516 3193 3600; baseline 0 -20"><span class='ocrx_word' id='word_1_242' title='bbox 688 3518 1242 3581; x_wconf 89' lang='lat' dir='ltr'>sustentationem</span> <span class='ocrx_word' id='word_1_243' title='bbox 1307 3528 1374 3581; x_wconf 93' lang='lat' dir='ltr'>et</span> <span class='ocrx_word' id='word_1_244' title='bbox 1442 3528 1878 3600; x_wconf 88' lang='lat' dir='ltr'>augmentum</span> <span class='ocrx_word' id='word_1_245' title='bbox 1950 3517 2470 3593; x_wconf 79' lang='lat' dir='ltr'>sustentationiS,</span> <span class='ocrx_word' id='word_1_246' title='bbox 2539 3516 2783 3579; x_wconf 88' lang='lat' dir='ltr'>habeat</span> <span class='ocrx_word' id='word_1_247' title='bbox 2844 3528 2910 3580; x_wconf 89' lang='lat' dir='ltr'>et</span> <span class='ocrx_word' id='word_1_248' title='bbox 2972 3527 3193 3581; x_wconf 90' lang='lat' dir='ltr'>teneat</span> 
     </span>
     <span class='ocr_line' id='line_1_29' title="bbox 687 3619 3194 3703; baseline -0.001 -20"><span class='ocrx_word' id='word_1_249' title='bbox 687 3622 1011 3703; x_wconf 90' lang='lat' dir='ltr'>capellam</span> <span class='ocrx_word' id='word_1_250' title='bbox 1062 3620 1146 3684; x_wconf 91' lang='lat' dir='ltr'>de</span> <span class='ocrx_word' id='word_1_251' title='bbox 1203 3622 1516 3684; x_wconf 88' lang='lat' dir='ltr'>Estwode</span> <span class='ocrx_word' id='word_1_252' title='bbox 1568 3632 1633 3684; x_wconf 92' lang='lat' dir='ltr'>et</span> <span class='ocrx_word' id='word_1_253' title='bbox 1682 3631 2043 3702; x_wconf 89' lang='lat' dir='ltr'>proventus</span> <span class='ocrx_word' id='word_1_254' title='bbox 2104 3619 2425 3701; x_wconf 87' lang='lat' dir='ltr'>ejusdem,</span> <span class='ocrx_word' id='word_1_255' title='bbox 2475 3642 2625 3683; x_wconf 90' lang='lat' dir='ltr'>cum</span> <span class='ocrx_word' id='word_1_256' title='bbox 2690 3620 3000 3683; x_wconf 89' lang='lat' dir='ltr'>omnibus</span> <span class='ocrx_word' id='word_1_257' title='bbox 3060 3621 3194 3682; x_wconf 92' lang='lat' dir='ltr'>suis</span> 
     </span>
     <span class='ocr_line' id='line_1_30' title="bbox 690 3724 3193 3807; baseline 0 -21"><span class='ocrx_word' id='word_1_258' title='bbox 690 3725 1122 3807; x_wconf 81' lang='lat' dir='ltr'>pertinentiiS,</span> <span class='ocrx_word' id='word_1_259' title='bbox 1154 3745 1283 3806; x_wconf 92' lang='lat' dir='ltr'>que</span> <span class='ocrx_word' id='word_1_260' title='bbox 1328 3725 1584 3786; x_wconf 89' lang='lat' dir='ltr'>circiter</span> <span class='ocrx_word' id='word_1_261' title='bbox 1616 3725 1890 3806; x_wconf 85' lang='lat' dir='ltr'>triginta</span> <span class='ocrx_word' id='word_1_262' title='bbox 1923 3745 2178 3786; x_wconf 88' lang='lat' dir='ltr'>marcas</span> <span class='ocrx_word' id='word_1_263' title='bbox 2212 3724 2427 3787; x_wconf 90' lang='lat' dir='ltr'>valere</span> <span class='ocrx_word' id='word_1_264' title='bbox 2458 3724 2770 3786; x_wconf 90' lang='lat' dir='ltr'>dicuntur</span> <span class='ocrx_word' id='word_1_265' title='bbox 2805 3724 3148 3787; x_wconf 91' lang='lat' dir='ltr'>annuatim</span> <span class='ocrx_word' id='word_1_266' title='bbox 3180 3746 3193 3799; x_wconf 91' lang='grc'>;</span> 
     </span>
     <span class='ocr_line' id='line_1_31' title="bbox 688 3826 3192 3909; baseline -0.001 -18"><span class='ocrx_word' id='word_1_267' title='bbox 688 3830 780 3892; x_wconf 90' lang='lat' dir='ltr'>ita</span> <span class='ocrx_word' id='word_1_268' title='bbox 828 3839 899 3892; x_wconf 94' lang='lat' dir='ltr'>ut</span> <span class='ocrx_word' id='word_1_269' title='bbox 945 3829 1159 3892; x_wconf 92' lang='lat' dir='ltr'>dictos</span> <span class='ocrx_word' id='word_1_270' title='bbox 1208 3838 1565 3909; x_wconf 88' lang='lat' dir='ltr'>proventus</span> <span class='ocrx_word' id='word_1_271' title='bbox 1614 3826 1678 3889; x_wconf 92' lang='lat' dir='ltr'>in</span> <span class='ocrx_word' id='word_1_272' title='bbox 1741 3827 1872 3889; x_wconf 90' lang='lat' dir='ltr'>alio</span> <span class='ocrx_word' id='word_1_273' title='bbox 1927 3829 2074 3890; x_wconf 89' lang='lat' dir='ltr'>loco</span> <span class='ocrx_word' id='word_1_274' title='bbox 2124 3828 2431 3909; x_wconf 85' lang='lat' dir='ltr'>religioso</span> <span class='ocrx_word' id='word_1_275' title='bbox 2480 3839 2547 3891; x_wconf 94' lang='lat' dir='ltr'>et</span> <span class='ocrx_word' id='word_1_276' title='bbox 2594 3828 2876 3890; x_wconf 90' lang='lat' dir='ltr'>honesto</span> <span class='ocrx_word' id='word_1_277' title='bbox 2930 3827 3012 3890; x_wconf 91' lang='lat' dir='ltr'>ad</span> <span class='ocrx_word' id='word_1_278' title='bbox 3069 3828 3192 3889; x_wconf 91' lang='lat' dir='ltr'>hoc</span> 
     </span>
     <span class='ocr_line' id='line_1_32' title="bbox 686 3931 3194 4015; baseline -0.001 -19"><span class='ocrx_word' id='word_1_279' title='bbox 686 3934 1028 4015; x_wconf 76' lang='lat' dir='ltr'>deputam,</span> <span class='ocrx_word' id='word_1_280' title='bbox 1061 3932 1125 3993; x_wconf 94' lang='lat' dir='ltr'>in</span> <span class='ocrx_word' id='word_1_281' title='bbox 1158 3952 1291 4012; x_wconf 93' lang='lat' dir='ltr'>quo</span> <span class='ocrx_word' id='word_1_282' title='bbox 1325 3941 1615 3993; x_wconf 89' lang='lat' dir='ltr'>moretur</span> <span class='ocrx_word' id='word_1_283' title='bbox 1654 3941 1720 3993; x_wconf 93' lang='lat' dir='ltr'>et</span> <span class='ocrx_word' id='word_1_284' title='bbox 1768 3931 2154 4012; x_wconf 87' lang='lat' dir='ltr'>regulariter</span> <span class='ocrx_word' id='word_1_285' title='bbox 2187 3932 2382 4007; x_wconf 90' lang='lat' dir='ltr'>vivat,</span> <span class='ocrx_word' id='word_1_286' title='bbox 2414 3931 2776 4013; x_wconf 85' lang='lat' dir='ltr'>expendat,</span> <span class='ocrx_word' id='word_1_287' title='bbox 2807 3952 2891 3994; x_wconf 90' lang='lat' dir='ltr'>ne</span> <span class='ocrx_word' id='word_1_288' title='bbox 2937 3931 3026 3994; x_wconf 94' lang='lat' dir='ltr'>ob</span> <span class='ocrx_word' id='word_1_289' title='bbox 3071 3932 3194 3994; x_wconf 91' lang='lat' dir='ltr'>hoc</span> 
     </span>
     <span class='ocr_line' id='line_1_33' title="bbox 687 4033 3192 4116; baseline -0.001 -17"><span class='ocrx_word' id='word_1_290' title='bbox 687 4036 1032 4100; x_wconf 89' lang='lat' dir='ltr'>materiam</span> <span class='ocrx_word' id='word_1_291' title='bbox 1079 4035 1321 4097; x_wconf 87' lang='lat' dir='ltr'>habeat</span> <span class='ocrx_word' id='word_1_292' title='bbox 1366 4034 1739 4116; x_wconf 84' lang='lat' dir='ltr'>evagandi3</span> <span class='ocrx_word' id='word_1_293' title='bbox 1786 4034 1986 4096; x_wconf 88' lang='lat' dir='ltr'>salvis</span> <span class='ocrx_word' id='word_1_294' title='bbox 2036 4034 2245 4097; x_wconf 91' lang='lat' dir='ltr'>tribus</span> <span class='ocrx_word' id='word_1_295' title='bbox 2299 4036 2533 4097; x_wconf 90' lang='lat' dir='ltr'>marcis</span> <span class='ocrx_word' id='word_1_296' title='bbox 2584 4036 2821 4098; x_wconf 91' lang='lat' dir='ltr'>annuis</span> <span class='ocrx_word' id='word_1_297' title='bbox 2875 4056 2962 4097; x_wconf 89' lang='lat' dir='ltr'>ex</span> <span class='ocrx_word' id='word_1_298' title='bbox 3014 4033 3192 4098; x_wconf 90' lang='lat' dir='ltr'>dicta</span> 
     </span>
     <span class='ocr_line' id='line_1_34' title="bbox 688 4138 3192 4222; baseline 0 -19"><span class='ocrx_word' id='word_1_299' title='bbox 688 4140 943 4222; x_wconf 91' lang='lat' dir='ltr'>capella</span> <span class='ocrx_word' id='word_1_300' title='bbox 975 4138 1196 4202; x_wconf 92' lang='lat' dir='ltr'>adicto</span> <span class='ocrx_word' id='word_1_301' title='bbox 1242 4138 1549 4219; x_wconf 89' lang='lat' dir='ltr'>Johanne</span> <span class='ocrx_word' id='word_1_302' title='bbox 1579 4138 1760 4202; x_wconf 92' lang='lat' dir='ltr'>dicto</span> <span class='ocrx_word' id='word_1_303' title='bbox 1800 4139 2113 4221; x_wconf 90' lang='lat' dir='ltr'>prioratui</span> <span class='ocrx_word' id='word_1_304' title='bbox 2163 4139 2226 4201; x_wconf 93' lang='lat' dir='ltr'>in</span> <span class='ocrx_word' id='word_1_305' title='bbox 2264 4138 2433 4202; x_wconf 84' lang='lat' dir='ltr'>festo</span> <span class='ocrx_word' id='word_1_306' title='bbox 2467 4139 2696 4204; x_wconf 86' lang='lat' dir='ltr'>Sancti</span> <span class='ocrx_word' id='word_1_307' title='bbox 2750 4139 3094 4202; x_wconf 89' lang='lat' dir='ltr'>Michaelis</span> <span class='ocrx_word' id='word_1_308' title='bbox 3125 4148 3192 4203; x_wconf 90' lang='lat' dir='ltr'>et</span> 
     </span>
     <span class='ocr_line' id='line_1_35' title="bbox 685 4242 3192 4325; baseline 0.001 -20"><span class='ocrx_word' id='word_1_309' title='bbox 685 4244 768 4305; x_wconf 92' lang='lat' dir='ltr'>ad</span> <span class='ocrx_word' id='word_1_310' title='bbox 821 4244 1029 4306; x_wconf 90' lang='lat' dir='ltr'>Pasca</span> <span class='ocrx_word' id='word_1_311' title='bbox 1077 4242 1545 4325; x_wconf 67' lang='lat' dir='ltr'>persolvendis</span> <span class='ocrx_word' id='word_1_312' title='bbox 1642 4243 1843 4306; x_wconf 93' lang='lat' dir='ltr'>Dicto</span> <span class='ocrx_word' id='word_1_313' title='bbox 1877 4251 2040 4306; x_wconf 73' lang='lat' dir='ltr'>&#39;vero</span> <span class='ocrx_word' id='word_1_314' title='bbox 2093 4244 2400 4325; x_wconf 85' lang='lat' dir='ltr'>Johanne</span> <span class='ocrx_word' id='word_1_315' title='bbox 2446 4243 2829 4319; x_wconf 89' lang='lat' dir='ltr'>decedente,</span> <span class='ocrx_word' id='word_1_316' title='bbox 2870 4244 2970 4306; x_wconf 87' lang='lat' dir='ltr'>vel</span> <span class='ocrx_word' id='word_1_317' title='bbox 3017 4242 3192 4307; x_wconf 90' lang='lat' dir='ltr'>dicte</span> 
     </span>
     <span class='ocr_line' id='line_1_36' title="bbox 685 4345 3193 4430; baseline 0 -20"><span class='ocrx_word' id='word_1_318' title='bbox 685 4347 938 4429; x_wconf 91' lang='lat' dir='ltr'>capelle</span> <span class='ocrx_word' id='word_1_319' title='bbox 969 4346 1113 4428; x_wconf 85' lang='lat' dir='ltr'>(sic)</span> <span class='ocrx_word' id='word_1_320' title='bbox 1145 4345 1440 4421; x_wconf 87' lang='lat' dir='ltr'>cedente,</span> <span class='ocrx_word' id='word_1_321' title='bbox 1472 4346 1573 4409; x_wconf 85' lang='lat' dir='ltr'>vel</span> <span class='ocrx_word' id='word_1_322' title='bbox 1608 4346 2026 4429; x_wconf 88' lang='lat' dir='ltr'>dignitatem,</span> <span class='ocrx_word' id='word_1_323' title='bbox 2065 4358 2139 4410; x_wconf 91' lang='lat' dir='ltr'>ut</span> <span class='ocrx_word' id='word_1_324' title='bbox 2193 4347 2563 4429; x_wconf 89' lang='lat' dir='ltr'>predictum</span> <span class='ocrx_word' id='word_1_325' title='bbox 2621 4357 2739 4424; x_wconf 88' lang='lat' dir='ltr'>est,</span> <span class='ocrx_word' id='word_1_326' title='bbox 2782 4359 3193 4430; x_wconf 89' lang='lat' dir='ltr'>assequente,</span> 
     </span>
     <span class='ocr_line' id='line_1_37' title="bbox 685 4448 3193 4533; baseline -0 -20"><span class='ocrx_word' id='word_1_327' title='bbox 685 4450 863 4513; x_wconf 92' lang='lat' dir='ltr'>dicta</span> <span class='ocrx_word' id='word_1_328' title='bbox 888 4448 1142 4531; x_wconf 90' lang='lat' dir='ltr'>capella</span> <span class='ocrx_word' id='word_1_329' title='bbox 1183 4449 1267 4512; x_wconf 94' lang='lat' dir='ltr'>ad</span> <span class='ocrx_word' id='word_1_330' title='bbox 1300 4449 1555 4512; x_wconf 91' lang='lat' dir='ltr'>dictum</span> <span class='ocrx_word' id='word_1_331' title='bbox 1590 4451 1952 4531; x_wconf 85' lang='lat' dir='ltr'>prioratum</span> <span class='ocrx_word' id='word_1_332' title='bbox 1990 4452 2187 4533; x_wconf 92' lang='lat' dir='ltr'>pleno</span> <span class='ocrx_word' id='word_1_333' title='bbox 2229 4451 2375 4532; x_wconf 93' lang='lat' dir='ltr'>jure</span> <span class='ocrx_word' id='word_1_334' title='bbox 2409 4461 2787 4527; x_wconf 89' lang='lat' dir='ltr'>revertetur,</span> <span class='ocrx_word' id='word_1_335' title='bbox 2821 4472 2941 4514; x_wconf 91' lang='lat' dir='ltr'>nec</span> <span class='ocrx_word' id='word_1_336' title='bbox 2974 4452 3193 4515; x_wconf 91' lang='lat' dir='ltr'>dictus</span> 
     </span>
     <span class='ocr_line' id='line_1_38' title="bbox 683 4553 3193 4636; baseline 0 -20"><span class='ocrx_word' id='word_1_337' title='bbox 683 4554 1023 4636; x_wconf 89' lang='lat' dir='ltr'>Johannes</span> <span class='ocrx_word' id='word_1_338' title='bbox 1050 4553 1428 4634; x_wconf 93' lang='lat' dir='ltr'>procurabit</span> <span class='ocrx_word' id='word_1_339' title='bbox 1447 4554 1804 4635; x_wconf 91' lang='lat' dir='ltr'>quominus</span> <span class='ocrx_word' id='word_1_340' title='bbox 1826 4563 1898 4616; x_wconf 93' lang='lat' dir='ltr'>ut</span> <span class='ocrx_word' id='word_1_341' title='bbox 1922 4556 2174 4618; x_wconf 90' lang='lat' dir='ltr'>dictum</span> <span class='ocrx_word' id='word_1_342' title='bbox 2198 4566 2298 4618; x_wconf 91' lang='lat' dir='ltr'>est</span> <span class='ocrx_word' id='word_1_343' title='bbox 2325 4567 2703 4619; x_wconf 87' lang='lat' dir='ltr'>revertatur.</span> <span class='ocrx_word' id='word_1_344' title='bbox 2777 4555 3193 4618; x_wconf 87' lang='lat' dir='ltr'>Providimus</span> 
     </span>
     <span class='ocr_line' id='line_1_39' title="bbox 685 4655 3194 4741; baseline -0.001 -21"><span class='ocrx_word' id='word_1_345' title='bbox 685 4659 953 4739; x_wconf 89' lang='lat' dir='ltr'>insuper</span> <span class='ocrx_word' id='word_1_346' title='bbox 976 4655 1347 4719; x_wconf 91' lang='lat' dir='ltr'>ordinando</span> <span class='ocrx_word' id='word_1_347' title='bbox 1367 4656 1546 4738; x_wconf 93' lang='lat' dir='ltr'>quod</span> <span class='ocrx_word' id='word_1_348' title='bbox 1569 4656 1803 4720; x_wconf 80' lang='lat' dir='ltr'>decem</span> <span class='ocrx_word' id='word_1_349' title='bbox 1827 4678 2045 4721; x_wconf 91' lang='lat' dir='ltr'>marce</span> <span class='ocrx_word' id='word_1_350' title='bbox 2068 4679 2185 4739; x_wconf 89' lang='lat' dir='ltr'>pro</span> <span class='ocrx_word' id='word_1_351' title='bbox 2209 4659 2524 4740; x_wconf 84' lang='lat' dir='ltr'>expensis</span> <span class='ocrx_word' id='word_1_352' title='bbox 2546 4659 2894 4741; x_wconf 89' lang='lat' dir='ltr'>autumpni</span> <span class='ocrx_word' id='word_1_353' title='bbox 2916 4680 2956 4721; x_wconf 92' lang='lat' dir='ltr'>a</span> <span class='ocrx_word' id='word_1_354' title='bbox 2977 4657 3194 4720; x_wconf 84' lang='lat' dir='ltr'>futuro</span> 
     </span>
     <span class='ocr_line' id='line_1_40' title="bbox 690 4759 3193 4843; baseline -0.001 -19"><span class='ocrx_word' id='word_1_355' title='bbox 690 4762 911 4824; x_wconf 90' lang='lat' dir='ltr'>Priore</span> <span class='ocrx_word' id='word_1_356' title='bbox 938 4759 1105 4823; x_wconf 84' lang='lat' dir='ltr'>infra</span> <span class='ocrx_word' id='word_1_357' title='bbox 1129 4780 1369 4823; x_wconf 90' lang='lat' dir='ltr'>novem</span> <span class='ocrx_word' id='word_1_358' title='bbox 1392 4759 1534 4823; x_wconf 91' lang='lat' dir='ltr'>dies</span> <span class='ocrx_word' id='word_1_359' title='bbox 1568 4770 1721 4842; x_wconf 89' lang='lat' dir='ltr'>post</span> <span class='ocrx_word' id='word_1_360' title='bbox 1744 4760 1891 4842; x_wconf 90' lang='lat' dir='ltr'>ejus</span> <span class='ocrx_word' id='word_1_361' title='bbox 1912 4761 2386 4824; x_wconf 90' lang='lat' dir='ltr'>admissionem</span> <span class='ocrx_word' id='word_1_362' title='bbox 2413 4761 2594 4825; x_wconf 91' lang='lat' dir='ltr'>dicto</span> <span class='ocrx_word' id='word_1_363' title='bbox 2626 4762 2913 4843; x_wconf 92' lang='lat' dir='ltr'>Johanni</span> <span class='ocrx_word' id='word_1_364' title='bbox 2949 4761 3193 4843; x_wconf 86' lang='lat' dir='ltr'>persol-</span> 
     </span>
     <span class='ocr_line' id='line_1_41' title="bbox 686 4864 3191 4947; baseline -0.001 -19"><span class='ocrx_word' id='word_1_365' title='bbox 686 4875 940 4940; x_wconf 85' lang='lat' dir='ltr'>vantur,</span> <span class='ocrx_word' id='word_1_366' title='bbox 971 4872 1171 4945; x_wconf 91' lang='lat' dir='ltr'>atque</span> <span class='ocrx_word' id='word_1_367' title='bbox 1202 4883 1435 4926; x_wconf 92' lang='lat' dir='ltr'>omnes</span> <span class='ocrx_word' id='word_1_368' title='bbox 1467 4864 1630 4926; x_wconf 90' lang='lat' dir='ltr'>alias</span> <span class='ocrx_word' id='word_1_369' title='bbox 1661 4884 1998 4946; x_wconf 85' lang='lat' dir='ltr'>expensas</span> <span class='ocrx_word' id='word_1_370' title='bbox 2045 4866 2414 4947; x_wconf 90' lang='lat' dir='ltr'>autumpni,</span> <span class='ocrx_word' id='word_1_371' title='bbox 2445 4875 2511 4927; x_wconf 93' lang='lat' dir='ltr'>et</span> <span class='ocrx_word' id='word_1_372' title='bbox 2547 4866 2848 4927; x_wconf 88' lang='lat' dir='ltr'>universa</span> <span class='ocrx_word' id='word_1_373' title='bbox 2893 4864 3191 4945; x_wconf 89' lang='lat' dir='ltr'>ejusdem</span> 
     </span>
     <span class='ocr_line' id='line_1_42' title="bbox 687 4965 3197 5049; baseline -0.002 -17"><span class='ocrx_word' id='word_1_374' title='bbox 687 4969 925 5032; x_wconf 86' lang='lat' dir='ltr'>(lomus</span> <span class='ocrx_word' id='word_1_375' title='bbox 957 4966 1183 5030; x_wconf 90' lang='lat' dir='ltr'>debita</span> <span class='ocrx_word' id='word_1_376' title='bbox 1209 4965 1384 5029; x_wconf 90' lang='lat' dir='ltr'>idem</span> <span class='ocrx_word' id='word_1_377' title='bbox 1414 4965 1669 5029; x_wconf 84' lang='lat' dir='ltr'>futurus</span> <span class='ocrx_word' id='word_1_378' title='bbox 1698 4968 1882 5029; x_wconf 91' lang='lat' dir='ltr'>Prior</span> <span class='ocrx_word' id='word_1_379' title='bbox 1904 4968 2207 5031; x_wconf 88' lang='lat' dir='ltr'>similiter</span> <span class='ocrx_word' id='word_1_380' title='bbox 2226 4967 2655 5049; x_wconf 89' lang='lat' dir='ltr'>adquietabit.</span> <span class='ocrx_word' id='word_1_381' title='bbox 2751 4968 3057 5048; x_wconf 89' lang='lat' dir='ltr'>Denique</span> <span class='ocrx_word' id='word_1_382' title='bbox 3082 4988 3197 5049; x_wconf 91' lang='lat' dir='ltr'>per</span> 
     </span>
    </p>
   </div>
  </div>
 </body>
</html>
