3596 5866
694 571 834 642 254
1193 573 1197 577 ·
1393 547 1666 620 Rotulz‘
1696 546 2048 643 Hugonis
2081 547 2169 618 de
2221 546 2486 618 Welles

686 790 773 854 de
835 790 1245 866 Warraville‚
1305 790 1608 854 canonici
1677 789 2181 865 LincolniensiS,
2242 788 2423 871 apud
2502 788 3015 870 Norhamptone
3092 788 3206 849 xvi

688 894 1011 960 kalendas
1047 894 1272 958 Martii
1306 892 1734 976 pontificatus
1768 893 1976 956 nostri
2010 911 2190 955 anno
2224 893 2415 956 xxiii.

690 1198 769 1263 [A
804 1196 1030 1249 similar
1057 1195 1366 1249 relaxation
1400 1201 1455 1247 to
1489 1194 1641 1248 those
1673 1196 1803 1246 who
1836 1194 2137 1247 contribute
2169 1200 2223 1247 to
2256 1194 2348 1247 the
2382 1194 2645 1262 building
2681 1196 2753 1258 os
2776 1194 2868 1247 the
2907 1195 3107 1247 clam-clu
3147 1196 3221 1264 qs

821 1280 1150 1348 Abington.]

866 1379 1010 1445 Sub
1061 1379 1298 1445 eadem
1355 1379 1566 1441 forma
1621 1378 1941 1460 scriptum
2004 1387 2105 1441 est
2158 1398 2279 1460 pro
2331 1377 2611 1442 ecclesia
2663 1379 2839 1442 beati
2894 1379 3068 1442 Petri
3123 1378 3208 1441 de

699 1486 1013 1560 Abitone,
1045 1483 1161 1547 sed
1200 1483 1290 1545 ibi
1325 1492 1588 1545 tantum
1623 1482 1766 1545 dies
1800 1482 1920 1545 xiii
1953 1483 2426 1545 conceduntur.

692 1789 811 1860 [An
844 1787 1363 1854 acknowledgment
1391 1786 1458 1854 by
1489 1786 1579 1839 tlte
1612 1786 1829 1854 Bislwp
1851 1786 1975 1838 that
1997 1786 2066 1839 he
2089 1786 2195 1838 has
2215 1786 2465 1838 received
2488 1787 2639 1850 from
2667 1786 2869 1839 sibilla
2903 1787 2973 1838 de
2995 1788 3209 1845 Saucee,

823 1872 1030 1924 wido-w
1061 1872 1132 1938 os
1155 1869 1406 1923 Richara'
1433 1869 1501 1922 de
1545 1869 1915 1931 Willemscote‚
1946 1887 2007 1933 50
2031 1869 2222 1921 marks
2235 1869 2347 1937 for
2363 1870 2454 1922 tlte
2487 1869 2708 1937 custody
2742 1871 2812 1936 os
2851 1870 3093 1923 Thomas
3112 1871 3217 1923 laer

822 1971 920 2007 son
944 1952 1066 2005 and
1082 1954 1154 2020 os
1165 1952 1256 2004 the
1278 1952 1422 2004 land
1437 1953 1509 2021 os
1518 1952 1623 2005 lter
1641 1951 1903 2004 husband
1911 1969 1938 2013 ,·
1970 1952 2123 2003 Adur.
2141 1969 2193 2017 5,
2223 1956 2390 2017 1232]

871 2055 1206 2120 Omnibus
1266 2065 1389 2117 etc.
1507 2054 1785 2118 Noverit
1849 2055 2242 2118 universitas
2304 2064 2524 2117 vestra
2583 2054 2763 2136 quod
2829 2055 3066 2120 Sibilla
3125 2056 3212 2120 de

698 2161 971 2236 Saucee,
1025 2157 1368 2240 quondam
1424 2178 1598 2220 uxor
1653 2157 1922 2221 Ricardi
1978 2157 2062 2221 de
2118 2157 2593 2233 Willemscote,
2647 2158 2967 2240 persolvit
3021 2158 3214 2221 nobis

696 2261 1186 2346 quinquaginta
1234 2281 1488 2324 marcas
1537 2263 1793 2345 argenti
1845 2263 1909 2324 in
1957 2261 2198 2343 quibus
2246 2262 2390 2343 ipsa
2441 2261 2633 2323 nobis
2685 2262 3040 2324 tenebatur
3093 2282 3214 2343 pro

696 2367 1001 2431 custodia
1034 2366 1295 2428 Thome
1329 2365 1442 2429 filii
1476 2367 1576 2428 sui
1607 2376 1675 2429 et
1707 2365 1969 2429 heredis
2002 2387 2079 2428 ac
2112 2376 2282 2428 terre
2313 2386 2444 2447 que
2471 2365 2594 2429 fuit
2626 2364 2904 2447 predicti
2942 2365 3213 2429 Ricardi

698 2471 783 2535 de
817 2470 1014 2534 feodo
1046 2479 1292 2545 nostr0,
1325 2470 1690 2532 secundum
1725 2468 1905 2550 quod
1943 2470 2004 2531 in
2051 2469 2471 2551 cyrographo
2502 2489 2702 2551 super
2731 2470 2857 2533 hoc
2891 2470 3062 2533 inter
3092 2490 3217 2532 nos

699 2575 1006 2639 confecto
1068 2573 1328 2656 plenius
1389 2574 1782 2636 continetur.
1900 2572 1974 2635 In
2038 2572 2226 2653 cujus
2285 2584 2408 2636 etc.
2523 2573 2699 2636 Date
2760 2594 2877 2656 per
2937 2594 3214 2637 manum

700 2690 996 2743 nostram
1053 2677 1232 2760 apud
1286 2677 1669 2758 Bannebiry
1720 2678 1918 2740 tertio
1980 2677 2471 2765 nonas-Martii
2529 2676 2956 2759 pontificatus
3007 2679 3215 2743 nostri

700 2801 879 2844 anno
911 2802 1101 2845 xxm.

700 3040 774 3108 [Α
799 3038 1172 3106 deli-pensatum
1193 3040 1302 3107 sor
1324 3039 1681 3106 illegitimaey
1702 3038 1772 3106 os
1794 3038 1940 3091 birth
1963 3039 2211 3106 granted
2240 3045 2294 3091 to
2326 3039 2654 3092 Alexander
2670 3039 2738 3093 de
2759 3039 3221 3102 Michaelestowe.

831 3119 957 3173 Dec.
981 3136 1059 3185 ²7.
1088 3138 1231 3186 1231,
1253 3123 1314 3173 in
1336 3120 1659 3174 accordanoe
1679 3120 1820 3172 zm'th
1843 3137 1878 3171 a
1900 3121 2085 3188 papal
2105 3121 2365 3174 mandate
2384 3122 2456 3190 os
2468 3122 2559 3174 tlte
2568 3123 2835 3189 previous
2858 3121 3007 3174 Mar.
3036 3124 3141 3188 ιὰ]

877 3233 1211 3297 Omnibus
1257 3232 1501 3297 Christi
1543 3232 1850 3296 fidelibus
1890 3245 2031 3309 etc„
2067 3232 2274 3315 Hugo
2317 3233 2443 3296 Dei
2484 3235 2698 3316 gratia
2740 3245 2881 3310 etc„
2913 3235 3222 3298 salutem.

706 3337 1106 3401 Mandatum
1161 3334 1416 3398 domini
1477 3338 1655 3418 Pape
1709 3336 2122 3417 suscepimus
2174 3338 2237 3398 in
2294 3337 2414 3399 hec
2474 3337 2675 3401 verba
2699 3344 2834 3401 2-—“
2857 3337 3226 3420 Gregorius

707 3441 1101 3524 EpiscopuS,
1148 3459 1374 3503 servus
1423 3459 1762 3502 servorum
1823 3439 1971 3514 Dei,
2018 3440 2376 3502 venerabili
2431 3440 2611 3504 fratri
2671 3442 3009 3524 Episcopo
3062 3441 3225 3505 Lin-

703 3543 1021 3608 colniensi
1056 3542 1338 3605 salutem
1371 3552 1440 3606 et
1472 3542 1908 3624 apostolicam
1946 3542 2498 3606 benedictionem.
2596 3544 2747 3607 Hiis
2778 3546 2890 3627 qui
2914 3546 3226 3628 geniture

705 3647 1035 3712 maculam
1084 3647 1435 3709 honestate
1484 3666 1740 3708 morum
1792 3656 2108 3728 satagunt
2155 3646 2438 3722 abolere,
2485 3647 2766 3712 libenter
2811 3649 2987 3712 sedis
3024 3669 3223 3730 apos-

703 3753 901 3816 tolice
932 3751 1216 3834 gratiam
1252 3750 1688 3832 impartimur,
1719 3770 1871 3812 cum
1915 3751 2203 3813 sciamus
2246 3750 2427 3832 quod
2471 3743 2600 3813 n'bn
2641 3762 2744 3815 est
2788 3772 3221 3834 personarum

705 3866 1016 3939 acceptor
1069 3854 1254 3917 Deus
1305 3854 1421 3918 sed
1476 3875 1565 3917 ex
1621 3855 1805 3916 omni
1854 3866 2057 3937 gente
2109 3856 2221 3936 qui
2276 3854 2600 3936 justitiam
2651 3856 2798 3938 ejus
2851 3856 3076 3920 fecerit
3126 3857 3223 3920 illi

706 3959 1144 4043 proculdubio
1206 3967 1306 4021 est
1369 3967 1698 4040 acceptus
1823 3957 1991 4021 Cum
2060 3958 2259 4040 igitur
2318 3959 2600 4022 dilectus
2662 3959 2832 4022 filius
2900 3961 3227 4043 Magister

706 4062 1102 4127 Alexander
1173 4061 1259 4124 de
1323 4061 1880 4137 Michaelestowe,
1942 4061 2407 4138 subdiaconuS,
2467 4063 2799 4126 defectum
2879 4066 3224 4143 natalium,

704 4188 903 4250 quem
955 4188 1026 4229 se
1075 4166 1211 4248 pati
1260 4166 1590 4247 proponit,
1640 4164 1726 4227 de
1772 4163 2185 4228 subdiacono
2234 4167 2499 4249 genitus
2545 4177 2613 4229 et
2659 4167 2878 4231 soluta
2924 4168 3223 4232 honestis

708 4271 1000 4334 moribus
1039 4279 1106 4333 et
1149 4269 1515 4332 litterarum
1559 4269 1837 4331 scientia
1886 4269 2247 4334 redemisse
2293 4270 2569 4346 dicatur,
2617 4291 2739 4334 nos
2785 4282 3089 4352 gerentes
3136 4272 3225 4336 de

706 4385 821 4438 tua
851 4372 1445 4454 circumspectione
1477 4371 1788 4435 fiduciam
1826 4371 2216 4436 fraternitati
2264 4384 2377 4436 tue
2419 4395 2536 4456 per
2576 4374 2943 4457 apostolica
2975 4375 3225 4457 scripta

707 4477 1105 4541 mandamus
1154 4476 1467 4557 quatinus
1517 4477 1569 4537 si
1623 4486 1897 4558 paterne
1948 4496 2076 4538 non
2134 4477 2219 4539 sit
2275 4478 2753 4542 incontinentie
2814 4479 3107 4542 imitator
3154 4490 3224 4543 et

704 4582 868 4644 alias
916 4580 1194 4644 honeste
1238 4580 1760 4642 conversationis
1806 4580 2123 4656 extiterit,
2155 4601 2305 4642 cum
2359 4583 2504 4663 ipso
2553 4583 2950 4645 auctoritate
2996 4595 3223 4645 nostra

706 4685 1068 4767 dispense3‚
1122 4693 1195 4746 ut
1248 4682 1629 4763 hujusmodi
1683 4703 1818 4746 non
1881 4685 2193 4748 obstante
2253 4683 2515 4748 defectu
2582 4687 2792 4767 possit
2852 4684 2934 4747 ad
3000 4706 3224 4748 sacros

705 4791 971 4853 ordines
1004 4789 1373 4871 promoveri
1407 4798 1474 4850 et
1505 4788 2026 4851 ecclesiasticum
2061 4788 2457 4852 beneficium
2491 4791 2833 4872 optinere;
2871 4789 2963 4853 ita
2995 4800 3221 4852 tamen

706 4892 885 4975 quod
942 4894 995 4955 si
1049 4912 1201 4955 cum
1255 4891 1336 4955 ad
1389 4892 1839 4974 episcopalem
1893 4894 2110 4955 vocari
2168 4894 2520 4976 contigerit
2569 4892 2989 4977 dignitatem,
3041 4893 3219 4956 illam

709 5015 1131 5078 nequaquam
1166 4996 1441 5077 recipiat
1472 4996 1724 5077 absque
1758 4996 1934 5058 sedis
1975 4997 2340 5078 apostolice
2380 4997 2644 5060 licentia
2685 4997 2970 5080 speciali.
3068 4997 3222 5061 Dat'
