3596 5866
1158 567 1514 662 Episcopi
1543 567 2105 640 Lz‘ncolniensz'S.
2794 594 2827 640 2
2838 593 2882 659 4
2892 593 2930 660 3

593 810 855 875 'CARTA
940 810 1392 873 HOSP1TALIS
1459 809 1907 891 JERUSALEM
1977 822 2214 873 SUPER
2297 823 2395 872 xL
2474 822 2760 873 soL1D1s
2836 824 2934 872 DE

425 926 780 978 ECCLESIA
813 928 911 976 DE
951 913 1384 989 HOLECOTE,
1416 913 1721 976 scribitur
1751 933 1790 975 a
1824 922 2027 996 terg0.

599 1192 736 1276 [On
770 1192 876 1256 tlte
903 1192 1088 1256 dorse
1114 1191 1254 1274 :--]

424 1326 500 1394 [Α
539 1326 847 1379 relaxatione
885 1325 957 1393 of
981 1329 1240 1394 penance,
1276 1340 1341 1376 as
1373 1326 1433 1377 in
1477 1342 1617 1388 1221,
1654 1330 1708 1376 to
1742 1324 1893 1377 those
1925 1324 2054 1376 who
2086 1324 2387 1377 contribule
2419 1329 2473 1376 to
2511 1325 2685 1392 Snlby
2719 1325 2940 1395 Abbey,·

540 1407 685 1474 Jugy
698 1425 785 1473 31,
813 1407 980 1475 1231.]

599 1527 989 1593 “Omnibus
1035 1537 1157 1591 etc.
1252 1527 1357 1590 De
1391 1526 1518 1589 Dei
1569 1526 2038 1601 misericordia,
2084 1526 2371 1608 gloriose
2411 1528 2682 1610 virginis
2728 1528 2938 1591 Marie

423 1632 599 1708 etc.,”
634 1652 754 1714 pro
787 1631 1191 1696 monasterio
1221 1630 1307 1693 de
1339 1631 1611 1713 Suleby,
1638 1642 1711 1694 ut
1745 1651 1946 1713 supra
1978 1651 2156 1693 anno
2188 1632 2312 1694 xix
2349 1652 2469 1714 pro
2499 1631 2758 1709 eodem,
2784 1653 2934 1695 cum

426 1735 802 1817 adjectione
863 1737 1050 1799 istius
1089 1736 1382 1800 clausule
1412 1735 2008 1800 1——“Concedimus
2044 1738 2246 1799 etiam
2287 1746 2612 1817 quantum
2646 1738 2712 1800 in
2747 1735 2939 1800 nobis

424 1851 527 1905 est
557 1841 737 1922 quod
773 1841 1005 1905 fratres
1040 1842 1244 1904 nostri
1278 1842 1574 1923 episcopi
1609 1861 1762 1904 suas
1794 1840 1880 1903 ad
1916 1841 1982 1903 id
2016 1842 2069 1903 si
2104 1841 2432 1904 voluerint
2464 1841 2809 1904 conferant
2841 1843 2937 1903 in-

427 1944 822 2024 dulgentias
918 1945 1098 2008 Data
1145 1944 1325 2027 apud
1378 1945 1862 2028 Erningworde
1910 1965 2026 2027 per
2073 1965 2345 2008 manum
2405 1945 2482 2007 R.
2538 1943 2624 2008 de
2674 1944 2937 2006 Warra-

425 2048 597 2125 ville,
628 2050 930 2112 canonici
968 2049 1471 2124 LincolniensiS,
1503 2048 1800 2111 secundo
1833 2048 2155 2111 kalendas
2185 2049 2476 2131 Augusti
2512 2048 2938 2131 pontificatus

428 2154 633 2216 nostri
667 2172 846 2215 anno
879 2150 1083 2214 xxii.''

423 2401 501 2490 [Ᾰ
539 2427 926 2495 confirmation
962 2428 1028 2495 by
1064 2427 1155 2480 the
1187 2427 1403 2495 Bt'sltop
1437 2429 1508 2495 os
1533 2431 1644 2479 two
1674 2426 1983 2494 exchanges
2017 2427 2088 2493 of
2122 2426 2264 2479 land
2298 2428 2533 2480 betwem
2582 2426 2830 2479 William
2871 2427 2938 2479 de

556 2510 754 2562 Insula
776 2510 897 2563 and
913 2511 1003 2564 the
1023 2517 1199 2565 rector
1214 2511 1286 2579 of
1297 2511 1610 2578 Brampton
1633 2511 1796 2572 Ash,·
1827 2512 1981 2579 Aug,
1999 2528 2050 2576 3,
2076 2512 2245 2576 [ζμ]

604 2627 940 2692 Omnibus
970 2641 1091 2694 ete.
1188 2630 1274 2693 H.
1312 2630 1439 2693 Dei
1472 2630 1687 2712 gratia
1724 2630 2210 2693 Lincolniensis
2249 2631 2602 2711 episcopus
2648 2629 2933 2691 salutem

427 2734 494 2794 in
533 2733 844 2796 Domin0.
946 2734 1372 2815 Inspeximus
1411 2744 1664 2797 cartam
1699 2734 2019 2796 Willelmi
2063 2732 2176 2795 filii
2222 2732 2540 2795 Willelmi
2580 2731 2665 2795 de
2713 2733 2941 2795 Insula

427 2837 885 2899 continentem
928 2837 1107 2919 quod
1150 2836 1327 2901 idem
1373 2837 1749 2901 Willelmus
1794 2837 1998 2914 dedit,
2038 2837 2365 2900 concessit
2414 2847 2480 2899 et
2522 2836 2940 2900 confirmavit

432 2942 580 3005 Deo
610 2952 679 3004 et
710 2942 988 3005 ecclesie
1020 2952 1249 3006 sancte
1285 2943 1498 3006 Marie
1529 2942 1615 3006 de
1649 2943 2061 3025 Bramptone
2091 2954 2159 3006 et
2193 2942 2456 3024 Thome
2487 2942 2723 3004 rectori
2768 2940 2939 3022 ejus-

426 3044 579 3107 dem
615 3045 895 3108 ecclesie
926 3056 993 3108 et
1025 3047 1517 3110 successoribus
1549 3047 1685 3109 suis
1724 3057 1941 3110 totum
1976 3046 2252 3108 boscum
2287 3066 2480 3108 suum
2514 3047 2627 3126 qui
2662 3057 2942 3108 vocatur

427 3148 1089 3230 Lauedibradegates
1164 3159 1232 3211 et
1309 3169 1514 3211 unum
1593 3149 1938 3212 sellionem
2016 3169 2217 3231 super
2292 3149 2352 3211 le
2430 3149 2676 3224 PotteS,
2737 3169 2938 3229 quem

429 3251 747 3317 Griffinus
780 3254 1011 3330 tenuit,
1043 3253 1155 3335 qui
1186 3253 1363 3335 jacet
1398 3254 1569 3316 inter
1600 3264 1843 3316 terram
1879 3252 2196 3315 Willelmi
2221 3251 2574 3315 Briselanc'
2595 3262 2663 3315 et
2696 3262 2937 3315 terram

430 3356 726 3421 Simonis
771 3355 858 3420 de
906 3356 1207 3439 Naveby‚
1256 3358 1319 3420 in
1367 3357 1707 3420 escambio
1753 3355 2102 3438 cujusdam
2151 3357 2334 3418 bosci
2382 3356 2494 3436 qui
2557 3365 2834 3419 vocatur
2879 3357 2939 3419 le

377 3449 396 3462 ⁶
435 3459 663 3536 HoleS,
710 3462 822 3542 qui
871 3460 1249 3543 pertinebat
1293 3462 1375 3524 ad
1425 3462 1776 3525 ecclesiam
1826 3461 1911 3523 de
1962 3460 2414 3542 Bramptone;
2481 3459 2825 3522 habendos
2870 3470 2938 3523 et

429 3565 757 3627 tenendos
790 3565 1086 3648 predicte
1115 3565 1391 3628 ecclesie
1421 3576 1488 3628 et
1535 3564 1835 3647 predicto
1868 3564 2131 3627 Thome
2169 3575 2236 3627 et
2276 3563 2764 3626 successoribus
2804 3565 2939 3625 suis

429 3669 522 3731 ita
554 3668 758 3732 libere
789 3679 856 3732 et
889 3670 1115 3751 quiete
1146 3680 1215 3732 et
1235 3669 1550 3752 paciffice‚
1582 3671 1751 3732 sicut
1774 3668 2075 3752 predicta
2106 3668 2385 3732 ecclesia
2415 3669 2499 3731 de
2526 3668 2938 3750 Bramptone

430 3772 802 3854 predictum
851 3771 1128 3835 boscum
1176 3774 1288 3854 qui
1329 3784 1604 3836 vocatur
1650 3773 1710 3836 le
1758 3772 1969 3835 Holes
2010 3771 2411 3854 possidebat.
2510 3770 2937 3852 Inspeximus

428 3878 631 3939 etiam
680 3887 931 3940 cartam
978 3876 1280 3958 ejusdem
1330 3876 1648 3940 Willelmi
1694 3876 1780 3939 dc
1834 3876 2059 3939 Insula
2114 3896 2230 3959 per
2279 3895 2481 3957 quam
2532 3874 2734 3951 dedit,
2781 3895 2936 3938 con-

430 3981 627 4044 cessit
658 3992 726 4044 et
758 3980 1179 4044 confirmavit
1215 3981 1398 4044 dicto
1432 3981 1710 4057 Thome,
1744 3982 1978 4044 rectori
2019 3980 2297 4042 ecclesie
2336 3988 2567 4041 sancte
2602 3979 2813 4041 Marie
2853 3979 2936 4042 de

432 4084 858 4166 Bramptone,
889 4092 1106 4146 totum
1144 4081 1454 4146 riffletum
1494 4104 1687 4146 suum
1728 4083 1908 4165 quod
1953 4082 2128 4145 idem
2178 4081 2552 4144 Willelmus
2595 4082 2828 4144 habuit
2870 4083 2934 4144 in

436 4187 770 4270 Holegate
829 4208 919 4250 ex
973 4186 1246 4251 australi
1298 4198 1485 4269 parte
1548 4186 1774 4249 fossati
1839 4187 1956 4261 sui,
2017 4196 2085 4248 et
2148 4183 2457 4248 riffletum
2513 4206 2705 4248 suum
2753 4185 2934 4266 quod

428 4291 661 4354 habuit
705 4291 883 4372 apud
935 4291 1283 4373 Fildegate
1331 4300 1398 4352 et
1452 4289 1632 4372 quod
1684 4289 1863 4370 jacet
1914 4291 2085 4353 inter
2131 4287 2441 4351 riffletum
2498 4288 2768 4351 Henrici
2821 4288 2933 4352 filii

431 4394 699 4458 Ricardi
760 4405 828 4458 et
889 4393 1200 4459 riffletum
1262 4393 1443 4476 quod
1507 4394 1843 4477 predictus
1906 4394 2203 4456 Thomas
2266 4392 2497 4455 habuit
2550 4394 2634 4456 de
2694 4392 2932 4456 eodem

430 4499 769 4562 Willelmo
803 4500 868 4562 in
908 4499 1258 4583 Holegate,
1290 4509 1357 4561 et
1390 4500 1689 4561 continet
1723 4520 1867 4561 xxv
1903 4498 2258 4579 perticatas
2289 4495 2374 4559 de
2396 4497 2648 4578 pertica
2678 4496 2931 4559 domini

432 4603 653 4685 Regis,
686 4604 935 4667 scilicet
967 4603 1053 4667 de
1085 4605 1336 4687 pertica
1370 4625 1514 4666 xxv
1548 4603 1815 4685 pedum,
1847 4603 1932 4665 de
1973 4600 2391 4684 longitudine
2436 4611 2503 4663 et
2549 4601 2929 4682 quindecim

429 4709 783 4790 perticatas
815 4708 901 4771 de
941 4707 1310 4784 latitudine,
1344 4708 1409 4770 in
1457 4706 1795 4770 escambio
1844 4706 2048 4768 totius
2092 4703 2309 4767 riffleti
2352 4703 2627 4786 predicti
2672 4703 2934 4769 Thome

426 4811 606 4895 quod
642 4812 874 4875 habuit
908 4814 971 4874 in
1014 4812 1076 4875 le
1110 4812 1350 4875 Nabbe
1392 4812 1454 4873 in
1498 4810 1753 4892 campis
1792 4809 1879 4873 de
1913 4809 2324 4890 Bramptone
2369 4820 2436 4872 et
2483 4809 2547 4871 in
2596 4809 2933 4872 escambio

424 4915 774 4998 cujusdam
823 4914 1040 4980 riffleti
1087 4916 1265 4998 quod
1324 4915 1660 4998 predictus
1708 4913 2008 4976 Thomas
2059 4912 2290 4976 habuit
2345 4914 2411 4975 in
2473 4912 2809 4996 Holegate
2864 4929 2933 4977 et

420 5020 597 5102 jacet
631 5021 801 5083 inter
835 5018 1341 5084 Derobueshille
1371 5030 1439 5083 et
1472 5017 1783 5081 riffletum
1818 5016 1977 5080 dicti
2013 5017 2115 5080 W.
2149 5016 2235 5080 de
2266 5017 2492 5079 Insula
2521 5026 2588 5079 et
2620 5016 2933 5081 extendit

2708 5138 2747 5174 R
2772 5138 2801 5175 2
