3596 5866
630 509 761 577 168
1320 506 1590 579 Rotulz'
1624 504 1969 602 Hugonis
2019 506 2106 579 de
2158 505 2420 579 Welles

617 747 849 810 ultime
903 747 1413 830 presentationis
1460 767 1685 810 versus
1742 746 2130 822 Walterum,
2181 745 2518 808 Abbatem
2575 745 3125 829 Norhamptonie,

615 849 702 913 de
740 849 1016 914 ecclesia
1060 850 1372 933 predicta,
1410 849 1627 913 dictus
1669 849 1904 912 Abbas
1945 851 2124 912 venit
2166 850 2230 912 in
2278 849 2513 912 eadem
2562 852 2741 913 curia
2785 861 2853 914 et
2900 872 3123 933 recog-

619 955 803 1017 novit
835 954 1341 1017 advocationem
1374 953 1673 1035 ejusdem
1706 955 1983 1017 ecclesie
2014 975 2159 1017 esse
2186 953 2294 1034 jus
2327 955 2533 1036 ipsius
2553 955 2849 1032 walteri,
2870 957 3124 1019 ratione

619 1058 913 1139 predicte
960 1058 1256 1135 Matilde,
1299 1059 1528 1121 uxoris
1574 1079 1708 1133 sue,
1749 1069 1817 1121 et
1865 1058 2044 1121 illam
2087 1059 2335 1120 remisit
2372 1069 2440 1121 et
2476 1059 2770 1140 quietam
2811 1060 3124 1123 clamavit

617 1161 702 1225 de
734 1183 803 1224 se
834 1172 901 1225 et
933 1162 1417 1225 successoribus
1450 1163 1584 1225 suis
1616 1162 1929 1244 predictis
1953 1162 2249 1225 Waltero
2273 1173 2339 1226 et
2369 1162 2650 1226 Matilde
2672 1174 2740 1226 et
2773 1163 3125 1227 heredibus

618 1267 822 1349 ipsius
858 1267 1138 1330 Matilde
1170 1269 1234 1329 in
1272 1277 1682 1350 perpetuum,
1714 1288 1831 1349 per
1861 1288 2008 1349 que,
2038 1277 2180 1343 ete„
2211 1265 2296 1328 ad
2333 1267 2613 1330 eandem
2648 1266 2977 1331 admissus
3008 1280 3128 1345 est,

617 1378 739 1433 etc.
771 1392 784 1446 ;
813 1368 1024 1434 'salvo
1066 1371 1218 1434 inde
1262 1370 1514 1434 Abbati
1555 1381 1623 1433 et
1664 1372 2021 1434 conventui
2073 1370 2607 1453 Norhamptonie
2648 1370 2811 1452 jure,
2850 1372 2904 1433 si
2944 1370 3122 1452 quod

620 1474 885 1550 habent,
919 1475 981 1536 in
1017 1473 1296 1537 dimidia
1327 1495 1550 1537 marca
1580 1494 1781 1555 quam
1817 1483 2054 1556 petunt
2086 1473 2170 1536 de
2200 1473 2437 1536 eadem
2470 1476 2740 1538 nomine
2773 1475 3125 1558 pensionis,

621 1578 711 1641 Et
766 1576 1136 1658 injunctum
1188 1588 1289 1641 est
1336 1576 1519 1641 dicto
1572 1577 2068 1641 Archidiacono
2124 1577 2658 1661 Norhamptonie
2707 1579 2994 1662 presenti
3034 1589 3125 1656 ut,

617 1693 738 1746 etc.

617 1924 805 1989 [Peter
823 1923 890 1975 de
916 1922 1309 1987 Qusztreman's.
1326 1922 1663 1977 sub-deacon.
1674 1921 1972 1988 presented
1988 1920 2053 1989 by
2062 1921 2220 1987 John
2240 1922 2307 1974 de
2325 1922 2482 1989 Lacy,
2508 1923 2557 1974 C
2552 1923 2794 1975 onstable
2811 1924 2881 1990 of
2892 1923 2941 1976 C
2937 1924 3126 1983 hester.

747 2007 796 2057 is
817 2004 1107 2057 instituted
1124 2010 1177 2056 to
1200 2006 1290 2056 tlte
1312 2003 1510 2057 churclz
1536 2004 1607 2071 os
1621 2004 1853 2071 Naseby.

793 2117 1484 2180 NAVESBY.—Petrus
1545 2115 1630 2178 de
1690 2114 2166 2197 Quatremari5‚
2205 2115 2669 2192 subdiaconuS,
2710 2126 3127 2198 presentatus

619 2242 736 2304 per
766 2220 1055 2284 nobilem
1101 2221 1310 2282 virum
1353 2219 1728 2301 Johannem
1764 2219 1849 2282 de
1886 2220 2086 2301 Lacy‚
2120 2219 2702 2283 Constabularium
2739 2220 3010 2293 Cestrie,
3041 2219 3126 2282 ad

615 2326 960 2388 ecclesiam
995 2323 1079 2386 de
1103 2323 1438 2405 Navesby,
1464 2324 1638 2386 facta
1663 2324 1843 2405 prius
1871 2324 2295 2404 inquisitione
2321 2344 2438 2405 per
2461 2323 2537 2405 J.,
2562 2322 3124 2386 Archidiaconum

621 2429 1151 2510 Norhamptonie
1205 2448 1321 2510 per
1368 2447 1590 2509 quam,
1631 2436 1771 2502 etc„
1821 2425 1906 2489 ad
1961 2426 2242 2490 eandem
2295 2426 2624 2490 admissus
2673 2438 2793 2503 est,
2823 2438 2944 2491 ete.
3040 2428 3128 2490 Et

616 2532 985 2614 injunctum
1019 2541 1120 2594 est
1151 2531 1369 2594 eidem
1407 2530 1900 2593 Archidiacono
1933 2530 2221 2613 presenti
2255 2541 2345 2606 ut,
2376 2540 2497 2593 etc.

615 2822 856 2891 [Walter
894 2821 962 2873 de
1012 2821 1267 2882 Hortone,
1309 2819 1644 2879 sub-deacon,
1688 2819 1983 2885 presented
2020 2819 2085 2888 by
2130 2820 2181 2871 A
2188 2820 2455 2872 micabilis
2493 2820 2562 2872 de
2615 2820 2869 2881 Wottone,
2911 2821 3063 2887 after
3093 2836 3130 2871 a

744 2904 957 2971 dis-pute
978 2902 1146 2955 about
1163 2902 1253 2954 tlte
1267 2905 1594 2970 patronage‚
1621 2903 1671 2954 is
1693 2902 1982 2955 instituted
2001 2905 2054 2955 to
2076 2902 2166 2956 the
2187 2901 2386 2956 churcli
2410 2903 2479 2970 of
2503 2902 2789 2969 Wootton]

788 3014 1627 3078 WOTTONE.—Walterus
1690 3013 1775 3077 de
1842 3015 2163 3091 Hortone,
2204 3014 2668 3090 subdiaconuS‚
2708 3023 3128 3096 presentatus

617 3142 732 3204 per
780 3119 1245 3195 Amicabilem,
1274 3119 1616 3183 dominam
1651 3117 1736 3181 de
1777 3119 2118 3194 Wottone,
2150 3118 2235 3181 ad
2275 3118 2622 3181 ecclesiam
2663 3116 2748 3180 de
2792 3118 3128 3192 Wottone,

616 3224 792 3287 sacta
843 3225 1024 3306 prius
1079 3223 1505 3304 inquisitione
1556 3243 1672 3304 per
1719 3222 1796 3303 J.,
1846 3221 2411 3284 Archidiaconum
2465 3221 3015 3302 Norbamptonie‚
3060 3229 3130 3282 et

617 3329 897 3411 receptis
939 3328 1173 3390 litteris
1212 3326 1466 3389 domini
1511 3327 1716 3408 Regis
1756 3326 2253 3389 continentibus
2299 3325 2498 3408 quod,
2539 3346 2689 3387 cum
2734 3324 3128 3387 Amicabilis

614 3431 701 3495 de
735 3431 920 3495 Bello
953 3430 1213 3512 Campo
1246 3430 1310 3492 in
1337 3430 1516 3492 curia
1547 3451 1667 3493 sua
1698 3450 1921 3492 coram
1952 3429 2331 3511 justiciariis
2364 3429 2499 3492 suis
2531 3427 2709 3506 apud
2746 3429 3127 3491 Westmon·

616 3535 930 3599 asterium
965 3534 1374 3596 summonita
1404 3544 1578 3597 esset
1611 3532 1694 3596 ad
1731 3532 2270 3615 respondendum
2308 3532 2561 3595 Abbati
2604 3531 2688 3594 de
2724 3532 3128 3595 Lavendene

614 3661 817 3722 quare
850 3639 1131 3722 impedit
1162 3660 1315 3702 eum
1362 3650 1742 3721 presentare
1783 3640 2095 3703 idoneam
2138 3659 2491 3721 personam
2534 3637 2619 3700 ad
2661 3637 3008 3700 ecclesiam
3041 3635 3128 3699 de

615 3745 955 3818 Wottone,
989 3743 1163 3806 idem
1203 3742 1436 3805 Abbas
1461 3744 1642 3806 venit
1668 3744 1732 3805 in
1758 3742 1994 3805 eadem
2021 3743 2201 3804 curia
2225 3762 2447 3804 coram
2474 3741 2724 3804 eisdem
2744 3740 3126 3821 justiciariis

615 3849 767 3919 suiS,
787 3858 854 3910 et
877 3847 1259 3929 recognovit
1282 3857 1349 3908 et
1370 3847 1697 3910 concessit
1720 3846 1939 3910 eidem
1965 3847 2260 3910 Amabili
2287 3847 2797 3910 advocationem
2823 3844 3123 3926 ejusdem

615 3951 890 4014 ecclesie
924 3961 995 4013 ut
1022 3949 1130 4030 jus
1163 3970 1374 4012 suum.
1455 3950 1544 4013 Et
1576 3960 1875 4032 preterea
1910 3949 2244 4012 Robertus
2270 3948 2443 4011 filius
2476 3948 2776 4024 Galsridi,
2797 3947 3127 4030 particeps

616 4055 820 4136 ipsius
843 4053 1174 4116 Amabilis
1200 4073 1470 4135 presens
1495 4053 1617 4116 fuit
1643 4055 1707 4115 in
1734 4052 1969 4117 eadem
1998 4055 2195 4131 curia,
2215 4065 2283 4117 et
2308 4053 2558 4116 remisit
2581 4051 2800 4115 eidem
2830 4050 3124 4114 Amabili

616 4167 683 4220 et
725 4156 1075 4220 heredibus
1121 4157 1256 4219 suis
1308 4178 1426 4239 pro
1472 4178 1542 4220 se
1587 4168 1653 4220 et
1700 4157 2054 4221 heredibus
2102 4159 2234 4220 suis
2282 4166 2498 4219 totum
2544 4155 2651 4237 jus
2698 4166 2764 4219 et
2810 4155 3123 4217 clamium

615 4255 794 4342 quod
846 4260 1074 4322 habuit
1131 4261 1195 4322 in
1251 4260 1548 4343 predicta
1608 4262 2063 4337 advocatione,
2115 4283 2230 4344 per
2289 4282 2436 4343 que,
2495 4270 2636 4335 ete„
2689 4259 2774 4322 ad
2836 4257 3120 4321 eandem

617 4362 945 4425 admissus
976 4374 1095 4440 est,
1125 4374 1246 4427 etc.
1341 4364 1431 4427 Et
1464 4364 1834 4446 injunctum
1867 4376 1968 4428 est
1999 4366 2215 4428 eidem
2255 4363 2747 4427 Archidiacono
2778 4373 2867 4438 ut,
2898 4373 3018 4425 etc.

611 4667 701 4736 [H
699 4667 814 4734 ugk
857 4667 923 4718 de
962 4667 1208 4726 Stiuecle,
1236 4667 1573 4726 sub-deacon,
1600 4669 1895 4735 presented
1921 4668 1987 4736 by
2006 4669 2176 4735 John,
2204 4668 2354 4721 Earl
2382 4670 2454 4736 of
2475 4667 2545 4720 H
2542 4667 2874 4736 nntingdon.
2907 4667 3059 4734 after
3085 4683 3124 4719 a

738 4749 954 4815 dispute
974 4749 1139 4799 about
1158 4749 1246 4801 the
1261 4752 1591 4817 pattvnage.
1615 4751 1664 4801 is
1686 4751 1976 4803 instituted
1993 4758 2047 4803 to
2070 4751 2159 4803 the
2181 4751 2379 4804 clturclz
2404 4752 2475 4819 of
2492 4749 2792 4817 Grendon]

786 4850 1538 4935 GRENDONE.—Hugo
1578 4852 1662 4914 de
1705 4854 2013 4929 Stiuecle,
2045 4852 2508 4929 subdiaconus
2541 4862 2958 4936 presentatus
3005 4872 3122 4933 per

610 4955 897 5019 nobilem
946 4955 1177 5034 virum,
1215 4956 1611 5038 Johannem,
1651 4957 1983 5022 Comitem
2038 4958 2471 5022 Huntedonie
2510 4957 2596 5020 ad
2646 4956 2992 5020 ecclesiam
3032 4954 3119 5018 de
